3304 5206
540 407 662 467 QVINTI
684 407 868 455 CICERONIS
891 407 1084 455 EPISTVLAE

800 586 821 647 2

506 757 552 848 Q.
582 755 771 832 CICERO
800 754 980 830 TIRONI
1008 753 1044 829 S.
1073 756 1120 829 D.

322 945 446 1022 Magnas
474 945 560 1006 nobis
589 953 634 1005 est
662 919 855 1004 sollicitudini
890 941 1027 1004 valetudo
1055 953 1112 1004 tna.
1164 962 1232 1003 nant
1266 946 1383 1005 tametsi

238 1056 287 1134 qni
316 1056 438 1114 vintont
466 1048 634 1114 ἀκίνδυνα
661 1049 724 1132 μὲν
751 1047 960 1133 χρονιώτερα
990 1048 1027 1112 δὲ
1050 1054 1200 1121 nuntiant,
1230 1056 1382 1114 tamenin

239 1182 343 1241 magna
371 1163 573 1225 consolatione
590 1140 707 1241 ‘ingens
737 1165 815 1223 inest
845 1163 1029 1232 sollicitudo,
1060 1165 1085 1223 si
1114 1163 1223 1224 diutins
1253 1181 1269 1221 o
1298 1163 1383 1225 nobis

160 1328 164 1349 ,
211 1275 373 1342 5aintnnns
402 1283 445 1334 est
475 1275 514 1343 ts,
546 1276 629 1335 onius
652 1292 737 1336 nsum
762 1282 791 1333 et
812 1273 985 1335 suavitatem
1009 1272 1205 1333 desiderando
1229 1276 1382 1335 sentimus.
1429 1331 1432 1336 .

237 1390 365 1444 attamen
401 1402 577 1463 quamquam
610 1384 710 1445 videre
739 1390 767 1444 te
797 1391 857 1444 tota
888 1385 1067 1461 cogitatione
1095 1385 1198 1463 cupio,
1228 1393 1326 1445 tanton
1356 1395 1383 1445 te

237 1495 354 1572 penitus
383 1512 455 1572 rogo
485 1513 522 1555 ne
550 1503 579 1554 te
608 1501 667 1555 tam
695 1492 800 1571 longae
822 1494 1002 1571 navigationi
1031 1502 1060 1553 et
1088 1496 1151 1554 viae
1177 1513 1231 1572 por
1253 1495 1383 1556 hiemen}

238 1602 393 1664 nisibeno
417 1604 534 1665 armum
558 1605 726 1665 committas
750 1621 822 1664 nove
854 1605 975 1681 naviges
998 1605 1055 1664 nisi
1079 1602 1239 1683 explorato.
1287 1606 1332 1664 vix
1354 1607 1418 1666 ina

236 1715 310 1791 Ipsis
334 1715 422 1774 tectis
442 1722 470 1773 et
493 1713 610 1794 oppidis
632 1715 726 1791 frigus
748 1714 864 1773 infirma
889 1712 1053 1773 valetudine
1077 1715 1198 1782 vitatur,
1223 1713 1330 1774 nedum
1355 1717 1412 1785 in„

200 1855 224 1892 10
238 1825 313 1883 inari
338 1809 371 1883 'ot
406 1825 448 1883 via
479 1825 516 1884 sit
550 1823 636 1884 tacite
670 1822 774 1884 abesse
808 1823 844 1884 ab
873 1825 980 1884 iniuria
1010 1827 1163 1902 temporis.
1215 1822 1320 1902 ψῦχος
1346 1821 1384 1885 δὲ

237 1932 348 2013 λεπτῷ
376 1928 478 2012 χρωτὶ
506 1929 757 2014 πολεμιώταῑον
785 1934 881 2011 inquit
908 1932 1078 2012 Euripides
1108 1935 1155 1994 cni
1184 1942 1216 1994 tu
1240 1943 1382 2013 qnantum

237 2042 341 2102 credas
363 2045 479 2111 nescio,
510 2062 565 2121 ego
593 2052 674 2104 conte
704 2041 838 2121 singulos
864 2045 926 2104 eius
949 2050 1052 2105 vinsns
1075 2041 1189 2122 singula
1215 2046 1382 2105 testimonia
1481 2072 1486 2087 ¹

237 2160 318 2229 pnto.
365 2153 458 2222 attico,
483 2155 508 2213 si
531 2172 577 2214 nto
600 2152 705 2232 diligis,
731 2162 762 2213 nt
784 2153 881 2213 valeas
909 2161 939 2213 ot
961 2162 994 2213 nt
1015 2152 1052 2213 att
1076 2172 1129 2214 nos
1152 2155 1254 2231 fionius
1276 2174 1310 2214 ao
1333 2173 1381 2232 va-

237 2258 301 2321 ions
323 2281 412 2341 quam
434 2265 562 2342 primum
586 2265 699 2351 venias³
743 2283 807 2324 ama
832 2282 885 2323 nos
908 2272 938 2323 et
961 2262 1032 2324 vato.
1078 2263 1112 2334 Ο.
1136 2265 1155 2322 t.
1182 2265 1234 2333 tibi
1258 2264 1381 2325 salntem

199 2370 316 2440 15IIICII.

794 2693 814 2756 3

401 2861 447 2952 Q.
476 2860 657 2936 TIRONI
685 2860 783 2936 SVO
810 2862 957 2937 PLVR.
987 2862 1093 2937 SAL.
1121 2852 1222 2939 DIC.

322 3048 480 3108 verberavi
503 3057 531 3109 te
555 3050 741 3125 cogitationis
766 3052 853 3109 tacito
869 3050 1020 3110 dumtaxat
1035 3054 1176 3120 convicio,
1200 3053 1279 3132 quod
1295 3055 1381 3112 iasci-

235 3157 320 3218 ouius
342 3157 417 3218 atter
440 3160 475 3218 ad
500 3176 547 3217 mo
565 3159 627 3219 iant
651 3159 716 3218 sine
739 3161 796 3220 tals
824 3160 929 3221 titteris
956 3159 1088 3240 perlatus
1116 3169 1169 3221 est.
1216 3181 1274 3221 non
1297 3172 1381 3241 potes

235 3267 364 3345 effugere
387 3267 474 3328 huius
497 3267 601 3348 cnlpae
625 3286 750 3345 poenam
779 3279 807 3330 to
834 3278 971 3348 patrono.
1017 3270 1135 3332 Marcus
1165 3279 1209 3333 est
1237 3272 1380 3332 adhiben-

303 3524 316 3569 1
339 3521 422 3570 tironi
444 3535 494 3569 suo
513 3521 563 3571 sal*
587 3520 642 3576 dit.
662 3522 686 3570 B
717 3518 722 3587 Ι
754 3526 769 3571 2
792 3520 885 3588 nobis]
910 3524 988 3573 bonis
1012 3525 1044 3574 M
1063 3528 1089 3573 in
1111 3528 1194 3574 indice
1217 3529 1380 3593 epistolarum

233 3589 298 3637 tt'bro
318 3587 389 3636 XVI
406 3591 547 3652 praemisso
573 3588 578 3653 Ι
603 3591 620 3639 4
641 3597 701 3652 post
724 3607 825 3655 magna
847 3594 944 3657 aliquid
966 3608 1066 3642 erasum
1089 3594 1116 3641 in
1135 3593 1167 3642 M
1189 3590 1192 3656 Ι
1223 3611 1239 3642 a
1258 3611 1303 3645 ont.
1324 3594 1355 3642 M
1374 3593 1377 3659 Ι

234 3661 250 3706 5
275 3655 382 3704 futurus
406 3672 435 3706 os
459 3657 483 3705 Is
507 3656 572 3706 BM.
593 3657 710 3718 sortasse
737 3658 852 3709 diutius*
868 3660 947 3709 nobis
971 3660 1114 3709 defuturus
1146 3666 1151 3720 t
1186 3664 1214 3709 11
1239 3676 1378 3713 ΛεπιςΡωΤι

234 3736 455 3773 ΤοΛοεΜιωιΑΤοΝ
473 3723 498 3771 B
522 3721 525 3787 Ι
550 3724 645 3788 inquid
664 3725 697 3774 M
712 3728 717 3789 Ι
741 3728 770 3775 12
789 3727 956 3790 singulaB:
975 3727 1084 3792 singula
1104 3729 1163 3778 eins
1181 3730 1214 3779 M
1229 3727 1234 3795 Ι
1256 3734 1287 3781 14
1306 3732 1338 3792 Q.
1359 3732 1379 3780 f.

234 3792 284 3841 tibi
303 3790 421 3840 salutem
439 3791 509 3840 dicit
525 3808 573 3846 om.
593 3792 618 3840 B
837 3803 839 3808 ·

302 3877 334 3924 16
355 3875 517 3925 Tironiano
536 3875 654 3926 salutem
672 3877 698 3925 B
724 3874 729 3940 Ι
757 3880 788 3928 19
806 3894 906 3942 ponam
924 3881 957 3929 M

301 4081 315 4126 1
334 4081 427 4141 lenitur
443 4080 511 4127 inter
529 4081 652 4142 epistulas
671 4079 802 4130 Ciceronis
822 4082 975 4132 Tironianos
989 4083 1068 4146 XVI,
1082 4087 1105 4141 8,
1124 4087 1224 4148 nortpta
1241 4093 1280 4135 eat
1296 4102 1378 4137 mense

232 4153 342 4196 eoeeunte
365 4146 490 4196 Ianuario
513 4163 537 4196 a.
558 4146 665 4205 DCCV,
683 4149 717 4210 cs.
735 4165 762 4212 p.
781 4151 815 4197 21
836 4147 846 4214 ΙΙ
868 4153 899 4199 11
921 4168 1011 4200 nerana
1033 4154 1136 4202 aliunde
1154 4170 1205 4203 non
1221 4155 1335 4217 cognitus
1352 4158 1378 4204 in

233 4214 384 4262 NnucInona
401 4216 730 4291 collecta‘oneseliqniarnm
747 4216 841 4279 Eura'p.
860 4235 884 4270 n.
904 4222 954 4268 898
977 4215 987 4282 ΙΙ
1011 4222 1044 4269 12
1068 4222 1127 4270 eins
1146 4224 1171 4269 tn
1190 4222 1222 4270 M
1236 4239 1320 4285 prono
1336 4240 1378 4273 rc-

230 4282 355 4344 petitione
373 4289 456 4330 notum
474 4289 520 4341 est,
540 4281 685 4347 αληθείας
705 4282 812 4333 Orellius
829 4285 946 4335 substitui
963 4290 1050 4346 noluit,
1061 4289 1198 4338 veritatis
1217 4290 1334 4340 Klotzina

305 4369 337 4415 16
359 4368 450 4430 tegitur
470 4374 530 4429 pont
553 4368 682 4418 Ciceronis
704 4368 856 4419 Tironianas
875 4370 945 4420 XVI
965 4375 1010 4433 26,
1036 4376 1136 4437 qnando
1158 4376 1310 4438 scriptasit
1328 4393 1377 4426 non

231 4441 351 4497 apparet,
369 4434 403 4494 cf.
420 4450 448 4498 p.
468 4437 501 4483 21

277 4530 305 4597 I).
319 4549 390 4588 Cicero
405 4549 437 4589 od.
449 4548 559 4590 Biicheler.
658 4605 662 4614 Ι
1155 4529 1173 4585 5
