3304 5206
1396 315 1413 377 7

262 491 533 551 commentariolum
556 507 623 551 cum
646 495 736 550 totum
763 508 803 550 ea
825 491 894 551 uita
909 504 1036 550 romana
1058 495 1210 565 sumptum
1231 504 1413 563 romanoque

263 597 378 668 scopatio
393 599 530 668 aptatum
552 593 598 667 sit,
623 609 717 666 neque
738 599 872 671 tempora
894 609 1001 667 respue
1021 594 1171 652 maiorum
1194 593 1340 650 miramur
1355 593 1412 650 ali-

263 697 448 771 quotiens‘ia
469 710 590 755 censum
612 696 718 755 uocari
738 701 769 753 ut
783 693 867 754 Coeli
879 693 971 753 catat
985 688 1197 773 petitionem§
1214 698 1247 750 tt
1262 697 1293 752 et
1306 694 1416 752 Aureli

261 798 364 857 datae
382 799 417 857 in
436 797 597 856 ambitione
618 798 781 868 artiticium
803 793 881 877 §47
905 811 1001 870 neque
1022 797 1106 853 nulla
1128 795 1261 869 reperiri
1278 811 1412 867 praecae
1468 850 1472 857 ,
1493 858 1495 865 ,

263 900 443 974 disciplinae
466 901 604 975 uestipia,
627 899 688 957 nisi
707 898 737 957 in
760 897 816 959 hac
844 913 968 957 numero
988 894 1012 978 ἕ
1035 901 1071 956 39
1094 882 1239 955 ducamus
1266 895 1318 955 ubi
1334 913 1411 972 per-

259 1006 350 1077 petuu
372 1002 426 1060 illa
448 1002 479 1060 in
502 1002 631 1060 transitu
653 1000 812 1075 attinpitur
834 999 997 1074 disputatio
1019 996 1125 1073 auibus
1152 998 1240 1057 rebus
1261 998 1411 1058 benivolus

150 1131 154 1137 ·
227 1142 230 1149 -
263 1110 292 1162 et
318 1105 474 1163 simulator
502 1103 669 1162 diiudicari
688 1103 799 1177 possit,
828 1118 886 1176 quo
915 1103 952 1161 de
976 1119 1089 1176 penore
1118 1102 1266 1200 inteprum
1294 1100 1337 1159 ad
1358 1116 1411 1160 nos

261 1207 397 1280 peruenit
415 1206 492 1265 inter
514 1204 698 1264 Plutarchca
725 1205 999 1264 commentariolum
1019 1221 1061 1273 ecc
1083 1202 1273 1279 philosophia
1292 1218 1409 1274 praeca

263 1313 403 1375 tractum,
432 1314 461 1366 ct
482 1322 583 1366 uersus
605 1307 785 1366 immiscetur
813 1311 921 1364 temere
948 1306 1074 1365 credere
1096 1311 1200 1363 uetans
1223 1302 1409 1377 Epicharmi,

150 1421 154 1431 ’
262 1411 348 1491 cuius
366 1416 533 1485 praecepta
551 1414 658 1484 poetae
679 1407 751 1467 bene
773 1415 845 1467 nota
870 1407 975 1478 Quinto
993 1406 1091 1480 fuisse
1112 1407 1239 1466 Marcus
1253 1407 1284 1464 in
1299 1405 1409 1464 adhor-

263 1512 371 1570 tatione
400 1512 464 1571 eius
490 1512 640 1583 sionihcat
666 1512 748 1584 epist.
771 1508 827 1569 III
849 1517 873 1577 t,
899 1516 960 1587 23„
977 1517 1074 1568 tamen
1108 1508 1146 1567 de
1173 1510 1311 1568 uniuersa
1332 1524 1409 1567 com·

262 1615 431 1673 rnentarioli
447 1613 552 1686 forma
573 1620 602 1672 et
623 1612 822 1687 dispositione,
844 1618 1006 1686 praeterea
1029 1611 1066 1670 de
1087 1610 1212 1683 sinpulis
1234 1609 1410 1683 quibasdam

262 1715 410 1791 capitibus
432 1717 517 1795 uelut
532 1698 756 1774 de'amicarum
786 1720 873 1789 atoue
901 1715 1146 1777 aduersariorum
1171 1711 1331 1785 penertons
1353 1712 1407 1769 ali·

263 1817 339 1891 quid
360 1816 499 1888 Quintum
522 1817 682 1876 addiscere
703 1817 848 1875 etiamen
866 1817 988 1888 praecis
1009 1814 1094 1884 libris
1114 1816 1243 1888 potuisse
1266 1815 1332 1886 quis
1354 1830 1410 1871 nc-

260 1915 366 1993 pabiti
388 1935 482 1992 neque
496 1921 588 1993 ipitur
603 1918 705 1978 inutile
719 1926 763 1977 est
789 1916 985 1992 Theophrasti
998 1917 1036 1976 de
1051 1915 1208 1975 ambitione
1223 1915 1314 1973 libros
1337 1915 1410 1972 duos
1525 1980 1528 1985 y

261 2022 427 2081 amminisse
459 2036 530 2094 auos
563 2022 593 2077 in
627 2019 801 2080 bibliotheca
834 2036 892 2078 sua
926 2018 1051 2090 Quintus
1078 2018 1232 2086 hahuerit,
1269 2018 1409 2091 quoniam

264 2123 390 2182 cliarcus
418 2123 514 2182 Attico
541 2121 580 2181 II
605 2129 636 2191 3,
667 2128 685 2180 3
712 2138 791 2181 cinno
823 2119 1108 2180 IlCLXXXXIIII
1136 2120 1211 2180 haec
1239 2120 1413 2187 mandauit:v

265 2215 488 2305 Θεοφράστου
507 2218 584 2304 περὶ
606 2220 797 2302 φιλοτιμίας
819 2218 908 2283 adies·
931 2221 1004 2283 mihi
1019 2221 1056 2282 de
1071 2219 1157 2281 libris
1181 2221 1281 2292 Quina
1298 2221 1408 2282 imbris.
1485 2227 1487 2231 ’

263 2326 454 2408 φιλοτιμίας
475 2328 553 2387 enim
583 2328 728 2386 Victorius
744 2326 942 2401 probabiliter
963 2327 1097 2385 correxit
1111 2341 1151 2383 en
1165 2325 1305 2399 Biapenis
1325 2334 1409 2386 cata·
1496 2312 1501 2315 ’

262 2433 328 2504 lopo
364 2430 410 2490 VI
430 2428 455 2512 ἕ
484 2437 539 2498 to,
570 2429 724 2488 Medioeus
751 2428 826 2486 liber
853 2425 1025 2506 φιλοτείας
1050 2426 1137 2486 habet
1162 2436 1192 2486 et
1218 2429 1248 2487 in
1271 2430 1408 2501 marpine

261 2532 443 2592 emendandi
467 2520 629 2595 tentamina
655 2529 731 2590 haec
762 2527 959 2609 φιλολογίας
991 2526 1201 2609 φιλονεικίας
1230 2526 1408 2609 φιλοθεΐας

266 2630 455 2712 φιλαυτίας.

348 2735 450 2796 Oratio
474 2734 575 2807 Quinti
593 2736 674 2795 sicca
694 2732 794 2795 sobria
817 2736 972 2794 invenusta
995 2738 1138 2808 quantum
1161 2732 1301 2793 aMarci
1322 2735 1406 2794 uber-

261 2845 321 2898 tate
345 2837 506 2910 faoilitate*
521 2839 672 2911 elepantia
695 2836 817 2896 dicendi
838 2836 942 2906 distet,
970 2853 1029 2896 nan
1048 2842 1145 2911 potest
1164 2851 1282 2897 sensum
1303 2838 1406 2896 cuius-

261 2928 349 3015 quam
369 2939 490 3013 supere.
535 2941 635 3014 itaque
656 2955 724 2999 cam
746 2938 1006 3012 Italarurnjculpa
1028 2939 1197 2998 scribarum
1220 2939 1408 3012 aliquamdiu

260 3039 336 3102 isset
357 3042 521 3103 dubitatum
542 3047 608 3102 uter
631 3040 735 3100 Cicero
756 3039 1031 3116 loeosortpsissa,
1061 3056 1131 3100 moa
1152 3047 1263 3103 tamen·
1280 3057 1339 3101 non
1361 3053 1407 3100 so-

261 3147 322 3203 lum
343 3146 517 3204 consulatus
543 3143 659 3201 ratione
680 3142 719 3200 ab
748 3158 806 3201 uno
833 3142 942 3202 Marco
966 3143 1045 3216 pasti
1070 3141 1125 3201 sed
1149 3143 1238 3201 etiam
1265 3145 1408 3202 orationis

261 3246 466 3307 mediocritate
479 3246 615 3304 commoti
626 3249 696 3303 sunt
710 3250 743 3304 ut
761 3243 861 3314 Quinti
874 3246 1062 3305 uindicarent
1076 3245 1293 3304 auctoritatem.
1318 3253 1407 3319 atqcue

263 3350 414 3409 Hearicus
436 3346 606 3430 Stephanus
625 3346 885 3421 pseudociceronis
902 3363 937 3421 p.
955 3352 1012 3405 tso
1033 3347 1114 3420 quod
1135 3346 1291 3406 dictionem
1308 3346 1409 3417 Quinti
1521 3403 1525 3407 ,

261 3466 327 3510 cum
346 3448 460 3522 fratris
481 3444 776 3510 sermone‘collatam
798 3450 919 3524 scripsit
939 3450 1051 3508 rudae
1078 3449 1224 3509 delicatas
1246 3465 1350 3519 aures,
1374 3450 1408 3508 id

261 3555 380 3612 tametsi
403 3569 438 3612 eo
467 3557 597 3628 tempore
625 3551 787 3609 iudicatum
815 3558 859 3610 est
884 3567 943 3625 acco
970 3549 1158 3623 deformatus
1184 3550 1300 3609 libellus
1329 3543 1406 3612 uitiis

258 3652 443 3726 foedissimis
460 3652 741 3726 circumferebatur,
764 3660 862 3712 tamen
883 3670 921 3712 ne
941 3653 1028 3713 hodie
1049 3654 1166 3726 quidem
1188 3654 1324 3712 sordibus
1340 3657 1405 3728 pl-

262 3759 362 3831 risque
384 3754 508 3819 detersis
530 3755 718 3815 disconvenit.
761 3754 919 3826 fastidium
941 3758 1018 3814 enim
1041 3761 1157 3816 mouent
1175 3756 1206 3813 in
1225 3755 1407 3829 flexionibus

262 3858 405 3920 orationis
436 3859 625 3931 capitumque
654 3858 853 3916 commissuris
883 3858 1045 3918 similitudo
1071 3858 1124 3916 illa
1159 3839 1299 3932 quoniam
1328 3875 1404 3935 quae

262 3958 392 4022 subsidia
415 3956 542 4018 haberes
564 3959 703 4036 exposui,
735 3976 815 4018 nuno
838 3957 875 4017 de
903 3956 1104 4036 magnitudine
1127 3958 1280 4036 petitionis
1303 3958 1403 4019 dicen·

262 4061 333 4149 dans
355 4061 486 4121 videtur:
517 4060 658 4137 quoniam
687 4061 889 4145 assaumiouis
917 4061 1028 4121 mentio
1051 4060 1128 4120 sacia
1152 4067 1210 4128 est,
1234 4060 1264 4119 iu
1287 4079 1404 4139 quoque

262 4163 430 4225 curandum
461 4169 521 4222 est:
555 4162 693 4240 quoniam
725 4163 756 4221 in
787 4164 948 4225 amicorum
978 4161 1083 4223 studiis
1113 4162 1185 4223 haec
1215 4164 1310 4223 oratio
1339 4182 1403 4223 ver-

262 4272 352 4334 satur,
374 4266 424 4343 qui
447 4262 530 4324 iocus
552 4263 701 4324 cavendus
724 4270 769 4323 esi
790 4263 1073 4343 praetermittendus
1095 4260 1158 4325 sian
1174 4263 1303 4325 videtur:
1328 4282 1401 4342 qua·

262 4366 341 4426 niam
364 4365 401 4426 de
423 4366 560 4426 amicitiis
582 4366 652 4427 satis
674 4365 861 4439 dictumest,
885 4365 1042 4427 dicendum
1067 4373 1112 4427 esi
1134 4364 1171 4428 de
1194 4366 1285 4430 altera
1308 4375 1401 4450 parte,
