3304 5206
826 910 892 979 111

553 1121 1134 1223 nsdnonomlon
1179 1194 1181 1197 -

804 1330 920 1339 ’.ψ-

437 1464 574 1526 Flumina
597 1482 686 1525 verns
707 1465 787 1524 aient
810 1463 938 1524 obscuro
961 1463 1073 1523 lumine
1095 1464 1192 1541 pisces

437 1574 680 1651 curriculumque
703 1575 783 1634 aries
806 1580 911 1650 asequst
933 1574 1087 1650 noctisque
1110 1571 1241 1651 dieique,

437 1703 548 1746 cornua
571 1702 659 1764 quem
684 1684 828 1753 condunt,
853 1682 959 1743 llorum
984 1683 1172 1762 praenuntia,
1197 1683 1284 1742 tauri.

438 1795 579 1875 aridaque
601 1795 719 1855 aestatis
742 1795 851 1872 gemini
875 1792 1036 1873 primordia
1061 1790 1194 1870 prendunt

322 1903 330 1915 '
382 1921 395 1959 ⁵
438 1905 583 1986 longeque
605 1907 663 1965 ism
687 1906 793 1965 minuit
815 1903 987 1982 praeclarus
1009 1902 1121 1963 lumina
1144 1919 1252 1961 cancer

362 2096 366 2103 ἢ
438 2014 671 2095 languificosque
694 2015 741 2075 leo
764 2014 871 2095 prollat
893 2016 975 2074 ierus
998 2031 1050 2073 ore
1076 2011 1199 2073 calores.

438 2133 506 2203 post
529 2126 661 2187 modium
684 2126 820 2203 quotiens
843 2125 925 2201 virgo
948 2123 1029 2200 lugat
1051 2131 1114 2182 orta
1136 2140 1285 2200 vaporem.

339 2245 351 2254 ‘
439 2238 571 2297 autumni
595 2244 708 2296 reserat
731 2243 830 2312 portus
853 2241 1016 2312 aequatque
1039 2233 1143 2292 diurna

411 2394 415 2405 ,
440 2358 571 2424 tempora
595 2347 750 2405 nocturnis
769 2345 911 2424 dispenso
933 2342 1032 2403 sidere
1054 2341 1139 2402 libra.

371 2471 395 2508 10
440 2455 542 2516 eiietos
564 2474 662 2516 ramos
685 2453 815 2515 denudat
837 2454 954 2516 flamma
977 2454 1074 2532 nepai.

438 2567 521 2645 pigra
544 2567 751 2644 sagittipotens
773 2563 916 2633 iaculatur
939 2565 1048 2641 frigora
1072 2538 1170 2624 terris.

440 2675 544 2736 bruma
567 2675 635 2754 gelu
659 2674 789 2753 glacians
811 2674 898 2735 iubar
922 2685 967 2734 est
988 2674 1105 2752 spirens
1127 2675 1304 2752 capricorni,

355 2863 490 2924 inscriptio
507 2863 534 2910 in
556 2862 682 2911 Vossiano
705 2861 768 2909 baec
790 2867 829 2909 est
851 2860 947 2920 Quinti
971 2859 1114 2909 Ciceronis
1136 2857 1164 2907 hi
1182 2872 1279 2908 uersus
1298 2875 1330 2909 eo
1348 2860 1432 2924 perti·

288 2935 356 2980 nent
372 2934 403 2978 ut
421 2928 493 2992 quod
513 2930 624 2993 signum.
639 2943 692 2992 qno
711 2932 833 2991 ternpore
850 2927 967 2977 inlustre
990 2926 1026 2975 sit
1043 2927 1200 2975 nouerimus
1219 2926 1290 2990 quod
1307 2928 1433 2991 superius

289 3013 396 3063 quoque
415 2997 516 3046 nostris
527 2996 652 3048 uersibus
672 2995 815 3060 expeditur
829 2997 864 3058 cs.
876 3012 902 3059 p,
913 2998 946 3044 20
961 2992 966 3057 Ι
981 2994 1127 3044 3condunt
1137 2994 1268 3058 Scaliper:
1284 3000 1394 3044 comunt
1409 2995 1437 3042 V

290 3068 292 3129 l
313 3066 328 3114 6
346 3063 565 3129 languificosque
584 3065 723 3114 Pithoeus:
742 3062 974 3127 Languifieusqne
997 3059 1064 3124 Vll
1082 3064 1108 3110 in
1126 3061 1433 3126 proflatsuperscrr‘ptum

292 3133 317 3179 V
338 3129 342 3196 l
367 3131 517 3181 'lrnodium
540 3134 566 3181 V
588 3134 672 3196 primu
689 3148 771 3192 manu,
790 3130 924 3180 modicum
942 3131 1054 3179 secunda
1080 3128 1084 3189 Ι
1113 3132 1144 3179 10
1163 3128 1276 3179 effoetos
1294 3131 1433 3180 Pithoeus:

288 3202 323 3248 ut
341 3200 413 3250 fetos
435 3201 461 3248 V
491 3200 495 3260 Ι
522 3199 637 3251 dinudat
659 3201 685 3248 V
712 3198 715 3263 l
753 3200 783 3247 11
802 3205 861 3261 post
877 3199 959 3263 pigra
976 3213 1053 3247 erasa
1072 3199 1158 3246 littera
1177 3199 1202 3245 in
1223 3197 1251 3245 V
1273 3195 1278 3261 Ι
1308 3201 1338 3246 12
1356 3213 1388 3246 ns
1407 3200 1432 3246 in

289 3267 397 3332 spirans
413 3269 490 3331 paulo
509 3268 660 3318 obscuriora
681 3269 706 3317 V
720 3264 724 3331 Ι
740 3266 907 3331 capricornii
929 3266 956 3314 V

358 3440 375 3485 3
394 3439 460 3501 ‘ispe
478 3436 600 3487 condunt
618 3453 673 3485 nam
691 3437 808 3486 conditur
826 3437 895 3484 aries
913 3437 1027 3495 ueniente
1047 3440 1133 3485 tauro’
1153 3434 1267 3497 Scatiper
1280 3432 1319 3498 l7
1335 3437 1433 3485 modios

288 3510 353 3555 sutis
376 3511 454 3568 aptus
472 3506 574 3554 uidetur
592 3507 691 3554 aestiuo
713 3503 820 3566 nirpinis
837 3505 909 3566 sipno
928 3519 992 3569 quae
1011 3520 1027 3552 a
1045 3501 1095 3553 non
1107 3505 1181 3553 nullis
1193 3503 1272 3552 Ceres
1290 3503 1431 3565 dicebatur,

287 3590 304 3621 a
322 3573 360 3622 M.
380 3573 504 3622 Cicerone
527 3590 551 3620 u.
575 3575 623 3621 101
647 3572 785 3621 Gratianus
808 3572 927 3620 editionis
950 3571 1055 3634 spicum
1079 3570 1194 3620 inlustre
1218 3576 1317 3620 tenens
1340 3570 1433 3635 splen-

288 3641 366 3691 denti
396 3655 509 3705 corpore
537 3640 701 3701 describitur,
730 3640 799 3687 cuius
826 3645 904 3701 caput
930 3640 1027 3687 nimium
1054 3639 1184 3688 obscurum
1210 3640 1294 3687 uideri
1316 3639 1433 3702 prinns

288 3709 378 3770 refert.
419 3709 544 3772 Mepcrus
567 3709 757 3759 adnotationum
778 3722 805 3768 p.
829 3709 863 3754 27
886 3705 1020 3755 modicum
1044 3705 1173 3769 quatiens
1194 3707 1260 3754 idem
1282 3721 1338 3755 esse
1356 3706 1433 3755 zcalrn‘t
1504 3728 1508 3732 ·

288 3779 357 3842 quod
373 3778 500 3826 mediocre
518 3778 597 3825 tumen
615 3776 740 3830 emittens,
764 3772 930 3823 inmodicum
950 3775 1065 3823 aestatis
1083 3774 1161 3836 uirgo
1181 3773 1260 3837 fugat
1278 3779 1339 3822 orta
1356 3777 1432 3837 tepo-

289 3861 345 3894 rem
369 3846 427 3894 tusit
449 3845 572 3893 Heinsius
601 3840 611 3907 ll
640 3845 655 3889 9
677 3840 841 3907 dispensans
864 3841 1043 3890 Burmannus:
1066 3847 1094 3890 at
1114 3843 1178 3890 illud
1199 3856 1248 3889 non
1271 3843 1397 3890 diuersum
1417 3857 1433 3888 a

289 3912 420 3977 dispenso
438 3912 593 3976 dispessoue
612 3911 674 3959 bene
691 3912 809 3959 conuenit
826 3911 853 3957 in
870 3909 963 3960 cletas.
982 3910 1058 3958 aliter
1075 3924 1103 3957 se
1121 3908 1195 3958 babet
1213 3911 1281 3973 quod
1298 3911 1323 3956 in
1341 3909 1378 3957 M.
1392 3908 1432 3956 Ci-

289 3983 390 4029 ccronis
404 3980 509 4028 Arateis
521 3978 609 4042 Arpns
624 3977 802 4041 pubernnclnm
820 3976 944 4040 disperso
963 3976 1064 4026 lumine
1080 3977 1182 4039 sculpens
1200 3972 1316 4040 diciturl}
1330 3980 1362 4025 12
1378 3992 1434 4024 uer·

287 4062 331 4094 sus
354 4051 498 4109 cormrptus.
530 4062 586 4096 narn
608 4048 671 4094 nrale
690 4045 812 4108 Meyerus
835 4059 883 4109 quo
907 4049 949 4093 est
972 4045 1080 4109 spirans
1099 4045 1160 4094 scibit
1176 4047 1263 4093 ualere
1282 4046 1332 4092 nisi
1348 4043 1435 4107 spirat

288 4115 442 4171 ostenderet,
466 4113 554 4162 Marci
570 4128 669 4162 seersum
691 4114 828 4162 aduocauit
851 4113 925 4160 talem
947 4112 1061 4161 aestifer
1080 4116 1122 4161 est
1146 4111 1271 4176 pandens
1295 4112 1436 4162 feruentia

290 4181 382 4231 sidera
405 4194 514 4230 cancer,
555 4181 677 4229 Heinsius
704 4179 768 4243 gelu
795 4180 936 4243 glaciante
964 4180 1042 4229 iubar
1070 4180 1160 4242 spirat
1181 4187 1366 4243 proposuerat,
1390 4178 1434 4227 Ia-

290 4265 336 4298 nius
360 4249 494 4298 Heluetius
516 4235 600 4297 lictus
624 4246 751 4312 glacians
778 4246 866 4295 iubar.
891 4249 1023 4310 exspirat,
1050 4263 1066 4296 a
1094 4264 1141 4311 quo
1171 4249 1293 4309 exspirat
1324 4248 1432 4305 accipio.

287 4319 384 4368 bruma
411 4317 484 4381 gelu*
504 4316 632 4380 glacians
662 4317 774 4380 quamuis
802 4317 891 4363 tumide
920 4316 989 4365 dicta
1020 4322 1102 4364 turrren
1132 4314 1275 4364 tolerabilia
1304 4317 1433 4374 uidentur,

288 4388 368 4448 mappis
389 4388 465 4434 etium
487 4401 560 4450 quam
581 4385 607 4433 si
629 4386 757 4446 triplicato
780 4384 877 4432 nominc
903 4383 999 4431 bruma
1022 4382 1086 4446 gelu
1109 4382 1216 4446 glacies
1241 4382 1322 4431 iubar
1344 4381 1433 4445 exspi-

289 4457 352 4509 rant
385 4454 541 4517 capricorni
568 4455 660 4517 leperis
690 4451 903 4516 subiunarerisque
930 4466 983 4499 corn
1007 4451 1115 4501 Heinsio
1143 4464 1231 4514 quern.
1278 4450 1435 4513 respondent
