3304 5206
534 380 864 428 COMMENTARIOLVM
887 379 1085 427 PETITIONIS
1332 350 1376 426 Ἰ51

234 534 288 596 tibi
312 537 425 596 reterre
448 539 570 612 gratiam
594 538 719 615 possint,
742 536 799 597 hoo
814 544 842 596 te
866 536 962 597 oifieio
985 542 1224 596 remunerentur.
1343 535 1380 595 m
1402 542 1427 591 X
1448 545 1480 592 39

235 648 375 723 quoniam
398 649 426 706 in
451 649 613 708 amicorum
637 647 741 708 studiis
765 646 837 706 haee
860 648 957 707 omnis
970 632 1048 727 ratio
1065 656 1207 717 versatur,
1232 647 1281 722 qni
1298 645 1379 706 loeus

234 758 265 816 in
288 756 344 816 hoo
366 773 477 833 genere
492 757 640 818 cavendus
655 764 708 826 est,
734 756 1014 836 praetermittendus
1030 774 1088 817 non
1107 757 1229 818 videtur.
1266 757 1380 818 fraudis

234 873 323 944 atque
345 866 521 929 Insidiarum
540 876 574 927 et
596 867 737 944 perfidiae
769 866 856 945 piena
884 877 953 929 sunt
981 871 1085 945 omnia.
1131 885 1190 928 non
1220 874 1265 927 est
1291 866 1379 927 huius

207 978 378 1056 atemporis
407 984 550 1057 perpetua
578 976 628 1037 ilia
657 978 693 1037 de
720 977 776 1037 hoe
805 995 915 1055 genere
943 977 1118 1056 disputatio,
1153 976 1261 1056 quibus
1288 976 1378 1036 rebus
1422 1043 1428 1051 g
1453 1051 1457 1058 Ι

233 1085 389 1149 benivolus
418 1096 448 1148 et
475 1076 629 1148 stmuiator
658 1086 814 1148 diiodmari
842 1089 948 1167 possit;
981 1094 1095 1149 tantum
1124 1095 1169 1148 est
1191 1088 1279 1148 huius
1302 1094 1376 1146 tem·
1462 1136 1469 1145 c

232 1196 507 1276 porisadmonere.
553 1215 667 1258 summa
690 1206 740 1259 tua
762 1199 855 1259 virtus
879 1197 998 1258 eosdem
1022 1198 1158 1261 homines
1187 1205 1217 1257 et
1238 1195 1378 1257 simulare

231 1306 286 1367 tibi
307 1325 341 1367 se
363 1325 428 1367 esse
456 1309 567 1367 amieos
595 1315 623 1368 et
645 1307 776 1368 invidere
799 1309 904 1387 coegit.
951 1326 1039 1385 quarn
1067 1307 1106 1368 ob
1132 1326 1197 1368 rem
1222 1301 1377 1386 Ἐπιχάρ-

233 1435 328 1495 paror
350 1415 422 1476 iilud
446 1424 560 1487 teneto,
585 1436 692 1479 nervos
715 1425 801 1496 atque
824 1425 906 1479 artus
927 1437 992 1479 esse
1011 1419 1172 1498 sapIentiae
1189 1437 1247 1479 non
1264 1426 1377 1477 temere

193 1526 372 1593 menodoro,
396 1534 425 1602 44
448 1545 514 1587 oum
539 1533 655 1587 tuorum
679 1529 841 1588 amicorum
866 1527 962 1588 studia
985 1517 1185 1597 constitueris,
1209 1534 1272 1589 tum
1288 1529 1376 1588 etiarn
1394 1539 1428 1587 44

233 1634 464 1697 obtrectatorum
487 1645 575 1714 atque
598 1637 835 1698 adversariorum
858 1640 989 1698 rationes
1012 1646 1041 1698 et
1062 1656 1171 1716 genera
1194 1638 1375 1716 cognoscito.

234 1744 307 1806 haee
328 1747 385 1807 tria
413 1754 495 1817 sunt,
525 1765 616 1808 44444
638 1765 713 1825 quos
734 1747 859 1817 laesisti,
890 1747 1016 1809 aiterum
1045 1749 1096 1828 qui
1119 1749 1184 1809 sine
1206 1765 1293 1808 caasa
1316 1764 1376 1808 non

233 1863 344 1926 amant,
374 1858 493 1917 tertium
522 1859 571 1934 qui
600 1860 827 1936 competitorum
857 1858 940 1919 vaide
971 1859 1058 1919 amici
1086 1865 1164 1919 sunt.
1215 1876 1288 1937 quos
1316 1855 1375 1917 lae·

300 2060 316 2108 2
334 2060 422 2108 oratio
441 2056 481 2121 Li
500 2062 515 2108 3
533 2059 797 2123 praetermittendus
814 2061 929 2125 scripsi:
947 2059 1223 2125 praetermittendum
1242 2057 1246 2124 Ι
1269 2048 1377 2110 8Ἐ44-

232 2121 368 2191 χάρμειον
395 2125 536 2176 Baiterns:
564 2116 771 2192 Ἐπιχαρμεῖον
800 2132 873 2192 maipa
905 2145 1009 2193 quocum
1040 2144 1086 2178 nec
1120 2128 1267 2177 Wunderas
1295 2144 1376 2192 nepae
1452 2148 1455 2153 ⁴

232 2194 401 2258 Kiesstinpiaas
418 2195 528 2244 codicem
547 2197 697 2261 discrepare
714 2198 812 2246 4444444
835 2194 840 2260 Ι
863 2199 878 2246 9
898 2201 974 2246 artus
992 2211 1054 2246 sese
1081 2194 1086 2260 Ι
1114 2198 1145 2246 12
1163 2211 1245 2245 unum
1263 2198 1377 2247 additam

231 2261 264 2310 ab
281 2261 357 2311 Italis
372 2260 376 2327 Ι
393 2263 424 2311 13
441 2264 559 2312 tercium

300 2449 313 2495 l
333 2451 508 2497 remunerent
528 2432 574 2511 ΕΙ
595 2451 611 2498 3
629 2448 768 2499 cauendus
786 2449 824 2497 sit
840 2450 1113 2513 praetermittendum
1132 2450 1156 2498 L
1171 2449 1176 2514 Ι
1196 2451 1212 2500 6
1230 2449 1376 2500 beniuolns

151 2542 152 2545 ¹
230 2531 279 2577 per
298 2516 334 2564 14
352 2518 369 2564 3
389 2518 423 2566 36
441 2518 491 2565 117
510 2514 514 2580 Ι
534 2516 615 2566 huins
634 2517 766 2581 temporis
784 2525 903 2581 suspecta
923 2518 1032 2568 Grutero
1053 2517 1057 2582 Ι
1080 2518 1096 2567 8
1114 2533 1144 2568 se
1162 2535 1209 2572 om.
1231 2520 1252 2567 L
1268 2527 1377 2582 praeter

233 2586 267 2632 38
285 2586 317 2630 50
332 2579 338 2647 Ι
354 2584 428 2648 cogit
445 2586 454 2632 4
473 2587 523 2635 427
541 2587 624 2650 coget
641 2587 650 2634 4
668 2587 701 2633 47
719 2587 752 2634 48
771 2587 803 2633 49
822 2588 872 2634 422
891 2588 942 2634 124
960 2589 1011 2635 126
1026 2583 1030 2648 Ι
1046 2601 1232 2651 επιχαρμειον
1253 2595 1297 2636 444
1315 2603 1375 2637 siaa·

141 2676 143 2680 ·
231 2665 372 2715 χαρμετον
388 2653 443 2701 sine
460 2653 553 2716 spirita
570 2659 596 2701 et
613 2661 718 2702 accentu
736 2656 745 2702 4
761 2655 886 2719 plerique,
906 2668 951 2705 am.
970 2656 1032 2703 438
1047 2650 1051 2716 Ι
1068 2655 1099 2702 12
1117 2669 1199 2703 nnmn
1212 2670 1245 2704 ex
1258 2655 1294 2704 iis
1307 2669 1375 2719 quos

232 2719 272 2765 L:
291 2733 373 2767 unum
393 2735 426 2768 ex
444 2720 480 2769 iis
497 2735 543 2769 em.
563 2720 747 2782 Mauricianus,
769 2736 802 2770 ex
820 2721 855 2770 iis
873 2737 919 2772 om.
938 2721 1071 2773 Palatinas

276 2923 292 2967 2
310 2922 469 2986 scripserat
481 2916 501 2986 ἕ
507 2924 541 2970 14
553 2920 689 2974 rationum
702 2919 788 2975 altera
815 2921 1018 2986 4444444444444
1065 2928 1152 2989 caput
1184 2924 1372 2990 sipnificaiar,

230 2986 258 3038 in
283 2987 432 3041 amicornm
457 2987 555 3041 studiis
585 2986 711 3054 ponenda
738 2994 787 3049 est,
816 2986 939 3053 Quintus
952 2989 991 3043 ibi
1003 3005 1115 3046 usuras.
1125 3007 1181 3045 444
1199 2998 1262 3046 erat
1279 2993 1337 3046 4444
1348 2993 1376 3045 44

227 3059 329 3119 postea
345 3051 366 3132 ἕ
383 3060 415 3106 41
433 3055 533 3109 scribit
551 3054 585 3109 de
603 3054 689 3110 altera
710 3062 788 3122 parte
814 3057 1076 3122 praetermittendus
1088 3059 1373 3114 uerbamaonmiaas

231 3121 372 3186 petitionis
390 3138 460 3189 quae
483 3122 511 3175 in
528 3122 656 3189 populari
681 3124 788 3178 ratione
814 3142 897 3190 qaam
926 3124 1065 3180 canendus
1095 3128 1125 3180 44
1151 3129 1285 3181 societate
1310 3129 1373 3181 4444

231 3195 366 3245 uersatur.
409 3191 448 3244 ad
475 3206 547 3256 qaae
575 3190 707 3256 caempla
741 3190 787 3246 iia
812 3191 878 3258 fait.
907 3193 1059 3260 inferioris
1082 3196 1239 3249 sententiae
1256 3196 1372 3250 adsimi-

230 3256 374 3312 scrr'beres
406 3258 514 3311 uoniam
527 3259 555 3312 in
568 3259 717 3312 amicorum
728 3264 786 3313 stu·
813 3260 867 3314 iem
884 3259 919 3315 de
941 3263 1063 3328 propria
1086 3262 1226 3328 epistotae
1244 3263 1371 3317 admont·

230 3322 281 3378 aiis
294 3273 459 3382 4144441444
476 3325 618 3394 petitionis
636 3327 705 3381 ratio
724 3343 786 3381 uer·
814 3329 888 3383 tione
898 3326 1019 3384 Marcus
1031 3327 1135 3394 Quinto
1146 3330 1270 3386 inculcat
1282 3330 1372 3398 ep.11

229 3398 315 3448 satur.
355 3392 402 3448 4114
431 3401 525 3449 autem
553 3409 616 3448 cum
645 3393 785 3461 potitIonis
812 3392 888 3462 537.
994 3456 998 3465 Δ

229 3462 366 3522 amiserit,
386 3461 530 3516 addiderit
548 3461 644 3522 omnis,
664 3477 720 3516 444
734 3462 785 3515 da·
858 3467 873 3512 4
892 3465 985 3528 ipsam
997 3479 1115 3520 aeream
1130 3469 1233 3532 paucis
1245 3473 1310 3533 post
1322 3483 1372 3521 aa·

229 3525 304 3581 biam
313 3535 356 3583 est
365 3530 532 3594 4444444414
543 3531 702 3594 scripserit.
720 3529 786 3584 mide
814 3532 858 3584 m's
882 3529 1003 3586 Marcus
1028 3533 1136 3588 rettulit
1158 3534 1335 3590 adalricum
1356 3534 1373 3588 1

229 3591 294 3661 §50
311 3595 385 3648 omni
402 3596 547 3663 superiore
565 3595 702 3658 oratione,
721 3598 786 3651 aide
814 3603 855 3663 19,
866 3603 883 3649 8
895 3601 944 3665 qai
955 3599 1034 3655 14444
1048 3602 1171 3656 mandram
1180 3601 1268 3668 piane
1278 3617 1370 3658 44444-

229 3664 313 3716 etiam
324 3663 486 3728 inflexibus
497 3664 789 3730 disputationisaaasi
813 3667 898 3721 datas
911 3673 968 3722 cst:
982 3676 1065 3736 atque
1078 3669 1116 3724 ita
1128 3670 1210 3725 idest
1220 3676 1370 3738 temperata

227 3736 415 3796 praesaeptos
445 3730 540 3786 aditus
568 3730 731 3787 huiusmodi
760 3741 787 3787 44
815 3739 871 3787 tota
885 3736 955 3789 ratIo
969 3743 1019 3796 est,
1034 3737 1142 3791 tametsi
1154 3737 1197 3792 lois
1211 3738 1291 3792 nouis
1304 3738 1370 3792 arni·

228 3798 358 3865 quoninm
382 3799 572 3853 assertationis
594 3800 696 3855 mentio
716 3799 786 3855 faeta
813 3800 1026 3870 citiisimplmati
1039 3820 1142 3866 sumus,
1157 3804 1370 3861 utorebromiiri

230 3872 273 3919 est
292 3862 313 3933 ἕ
336 3870 370 3916 34
391 3864 439 3921 441
458 3867 589 3933 quomam
610 3866 643 3921 de
660 3867 785 3922 amicitiis
813 3867 891 3923 nater
904 3869 951 3924 ille
964 3869 1073 3926 Siculus
1087 3872 1242 3928 insusurret
1257 3871 1370 3927 cantite-

228 3933 429 3988 constituendis
447 3933 513 3988 satis
532 3933 635 3987 dictum
653 3932 786 4001 est§41.
814 3953 874 3990 nam
893 3936 966 3991 iiiam
984 3955 1061 3994 suam
1082 3938 1160 4005 νᾶφε
1177 3939 1227 3992 nai
1246 3933 1369 4007 pipaaa’

228 4000 330 4056 deinde
348 4002 421 4056 idem
437 4001 505 4056 itari
520 4001 621 4068 quibus
635 4002 722 4057 oratio
736 4004 783 4058 414-
812 3995 961 4069 οἲπιστεῑν,
988 3998 1085 4072 ἄρθρα
1109 4007 1202 4060 saiw
1226 4007 1280 4059 sair
1301 4025 1369 4074 φρε-

228 4067 783 4135 beturcauendussitpraetermittentium
810 4071 877 4124 νῶν.
903 4079 1034 4139 recteque
1052 4076 1125 4130 idem
1143 4078 1181 4130 ad
1198 4076 1319 4130 eumdem
1337 4074 1373 4129 II
1465 4106 1466 4110 =
1494 4118 1499 4125 ,

228 4135 370 4191 exhibeat.
400 4143 427 4190 44
444 4138 497 4192 hoe
513 4136 581 4191 mitri
595 4152 649 4191 non
663 4145 784 4205 praeter·
811 4145 854 4200 20,
866 4145 880 4189 1
893 4143 1115 4199 commeminisse
1125 4144 1294 4211 Epicharmi
1305 4159 1365 4198 cre—

229 4201 390 4279 mittendum
404 4203 515 4258 uidetur
531 4205 649 4271 lepimas
661 4209 785 4272 positum
811 4209 897 4262 ditur.

228 4285 258 4322 m
274 4266 295 4336 ᾗ
312 4274 351 4323 14.
388 4286 488 4325 aeriam
506 4275 636 4339 accipere
654 4289 696 4328 me
714 4272 787 4327 iilud
852 4279 884 4325 44
897 4277 1109 4344 competitorum
1123 4279 1203 4334 ualde
1215 4278 1369 4334 amieisunt

229 4338 318 4391 uetuit
330 4338 566 4403 copulatamcum
585 4341 706 4397 relatiua
716 4357 784 4406 pro·
809 4348 930 4409 propter
956 4349 1117 4410 panetiaum
1142 4362 1186 4401 me
1212 4345 1369 4413 offendam.

229 4406 339 4459 nomiae
356 4404 434 4461 loeus
453 4407 630 4472 uocabulum,
648 4426 701 4476 444
718 4410 785 4475 qaia
813 4426 878 4465 4444
896 4413 923 4464 44
938 4414 1086 4479 inpressa
1105 4416 1256 4481 4444444444
1280 4430 1370 4470 eraun-

1127 4497 1169 4563 4*
