3304 5206
1303 334 1456 453 η’

280 561 433 637 Perpimus
456 561 500 621 aa
513 562 693 635 trapoeelias.
727 562 758 620 in
772 562 908 620 oratione
922 563 999 620 enim
1016 560 1170 620 Arabiano
1183 557 1208 642 ἕ
1223 568 1242 619 3
1262 561 1343 636 quaa

195 665 320 725 Morcus
339 666 429 723 etiam
450 666 600 738 praetoris
620 664 793 722 mentionem
812 661 890 734 feeit
909 665 1078 722 exercentis
1092 662 1234 741 indicium
1253 663 1344 722 idest

191 766 306 839 fratris
327 768 375 826 sui
396 765 506 837 Quinti,
529 765 585 824 boe
605 764 766 824 scholiasta
789 763 944 824 Babiensis
963 780 994 839 p.
1020 771 1089 831 354,
1109 770 1145 822 23
1165 770 1245 831 recte
1264 764 1344 823 discit

195 884 253 928 non
276 885 399 937 occare,
423 867 715 946 opportunissumam
739 867 849 946 quippe
872 867 919 926 ait.
935 864 971 924 de
992 863 1128 925 laudibus
1151 871 1255 945 poetae
1271 863 1342 926 boni

194 968 272 1048 apud
296 987 364 1031 eum
387 969 489 1029 dicere
520 969 569 1044 qui
597 967 703 1028 studiis
731 966 900 1045 huiusmodi
924 964 1102 1035 delectetur,
1126 966 1182 1026 tuit
1204 967 1283 1027 euim
1306 965 1341 1036 Ο.

194 1069 308 1132 'ballius
336 1088 394 1131 non
425 1069 519 1130 sotum
549 1071 625 1148 epici
652 1086 754 1130 verum
783 1069 870 1127 etiam
899 1069 1005 1145 tragici
1032 1068 1173 1129 carminis
1201 1070 1340 1147 scriptor.

149 1244 151 1253 Ι
194 1190 267 1233 sane
287 1181 354 1247 post
374 1175 487 1246 aliquot
509 1187 605 1231 annas
619 1187 686 1232 cum
703 1171 841 1230 Caesaris
858 1173 1001 1246 auspiciis
1015 1171 1161 1231 militabat
1173 1187 1253 1230 anno
1267 1169 1345 1230 DCC

194 1281 312 1345 strenue
353 1283 503 1334 versatum
542 1274 674 1333 eiciemus
712 1275 742 1332 iu
779 1269 944 1345 scribendis
972 1273 1089 1345 fabulis
1124 1288 1252 1348 quarum
1279 1274 1344 1332 sime
1454 1270 1465 1275 “

195 1377 283 1449 dubio
304 1395 344 1437 en
370 1378 494 1436 Graecis
522 1376 580 1436 sibi
604 1376 744 1450 exempla
766 1381 942 1449 saepserat.
988 1381 1076 1448 atque
1097 1374 1263 1448 Eriponam
1291 1383 1345 1434 aut

196 1480 365 1541 absolverat
397 1486 450 1536 aul
482 1480 513 1536 in
545 1493 579 1536 eo
608 1484 676 1535 erat
707 1485 740 1538 ut
772 1477 936 1536 absolueret
966 1483 1037 1535 aaa
1072 1475 1149 1535 aiem
1175 1476 1253 1536 IlII
1275 1476 1344 1536 iaus

194 1584 316 1643 sextiles
342 1597 400 1655 quo
428 1580 476 1638 liic
509 1581 626 1638 litteras
657 1596 698 1638 eu
733 1578 898 1638 Britannia
926 1578 970 1636 acl
997 1577 1131 1650 fratrem
1165 1577 1261 1646 dedit,
1295 1578 1344 1637 bic

179 1701 295 1744 mense
319 1682 477 1758 septembri
505 1682 543 1740 ob
573 1680 670 1756 Oppia
693 1696 759 1739 cam
788 1681 980 1756 expectabat,
1014 1694 1104 1754 qaam
1136 1681 1163 1739 si
1194 1681 1346 1755 acceperit

196 1788 378 1861 scripturum
410 1801 442 1843 se
473 1783 517 1841 aal
551 1782 687 1853 Quintum
719 1784 865 1858 promittit
897 1782 972 1857 quial
999 1782 1122 1851 sentiat,
1162 1798 1217 1841 nec
1253 1781 1344 1841 dubl-

197 1897 263 1947 tare
289 1889 360 1961 ania
388 1885 445 1944 sibi
473 1887 630 1960 placitura
658 1887 696 1944 sit
724 1885 799 1957 (m
827 1891 857 1951 t,
889 1888 949 1958 13).
1003 1899 1106 1944 iterum
1137 1883 1250 1944 duobus
1277 1891 1346 1960 post

197 1990 343 2049 mensibus
364 2004 431 2047 cum
454 1986 579 2047 Romam
601 1987 731 2047 nonaum
754 1988 860 2045 adlata
882 1993 973 2053 esset,
1004 1982 1129 2064 Marcus
1156 1985 1194 2045 de
1221 1993 1344 2061 trapae-

197 2093 255 2151 eliis
279 2090 380 2162 Quiriti
399 2091 512 2148 locutus
534 2088 661 2148 breviter
682 2086 906 2159 commonefecit
918 2096 951 2148 ut
966 2087 1103 2161 Eripona
1122 2090 1211 2147 simul
1223 2095 1253 2148 ct
1266 2090 1345 2150 aliae

197 2193 254 2252 sibi
280 2193 466 2250 mitterentur
488 2189 573 2262 (III,
586 2199 618 2259 a,
645 2194 692 2264 7).
744 2198 776 2249 at
808 2196 934 2249 exeunte
960 2190 1112 2248 novembri
1136 2206 1235 2250 mense
1266 2191 1345 2251 idem

195 2296 320 2369 periisse
342 2292 506 2365 Eriponom
527 2292 678 2365 sionisicat
699 2291 921 2351 tabellariorum
949 2295 1041 2366 culpa
1068 2294 1124 2352 soli
1149 2294 1195 2352 illi
1216 2291 1346 2352 Caesare

197 2398 378 2471 imperatore
404 2396 461 2452 iter
490 2410 530 2453 eu
553 2395 654 2453 Gallio
682 2399 774 2451 tectum
796 2409 855 2451 non
879 2392 977 2464 fuisse
998 2400 1121 2453 testatus
1147 2393 1218 2465 cll]
1243 2400 1275 2461 9,
1300 2397 1343 2469 a).

197 2498 300 2558 coelem
327 2498 444 2555 nomine
476 2498 614 2554 carmina
647 2497 760 2569 tropici
782 2502 904 2570 poetae,
939 2501 972 2555 ut
1003 2494 1113 2554 nobiles
1141 2493 1346 2554 Eratosthenis

197 2603 296 2673 elepos
318 2607 482 2667 taceamne,
508 2598 618 2657 Graeci
639 2597 799 2672 Sophocles
820 2613 858 2655 ac
875 2603 1037 2671 praeterea
1058 2596 1248 2673 Plerpnicltus
1265 2596 1345 2656 Cleo-

196 2702 277 2776 pbon'
300 2699 447 2760 Pbilocles
467 2700 626 2759 ediderant
647 2700 840 2774 compositio
863 2698 1001 2759 Nanelsio
1027 2701 1224 2773 reliquiarum
1250 2700 1345 2773 tropi·

198 2818 304 2863 carum
324 2819 357 2877 p.
383 2808 453 2869 737,
476 2800 629 2860 Romanus
651 2803 761 2868 Attius,
789 2808 819 2859 et
839 2803 870 2859 in
894 2800 1012 2860 Attiano
1039 2800 1158 2874 quidem
1179 2817 1238 2860 nau
1260 2800 1349 2861 Icari

196 2907 261 2976 sitin
284 2903 387 2963 Liberi
403 2906 502 2977 patris
524 2902 639 2976 bospite
662 2904 746 2976 siano
773 2905 896 2962 caelesti
921 2902 1068 2961 auctorata
1095 2904 1179 2975 atrae
1201 2902 1347 2976 apebatur

198 3007 253 3065 sea
275 3006 560 3080 Clytaemnestram
582 3006 721 3078 Aepistlto
743 3013 818 3063 neae
839 3004 931 3063 Aietis
953 3019 1038 3063 soror
1059 3004 1098 3062 ab
1112 3005 1346 3078 Apamemnoni-

199 3109 247 3168 ciis
269 3116 388 3166 arcuata.
433 3106 582 3166 accedunt
603 3106 673 3164 lenio
695 3105 871 3179 trooooaiae
892 3122 932 3164 ex
953 3105 1058 3164 Marci
1076 3105 1120 3163 aa
1136 3105 1275 3176 Quintam
1295 3106 1346 3165 lit-

199 3211 270 3295 toris
292 3208 347 3267 III
369 3217 401 3276 a,
428 3215 444 3264 7
471 3210 552 3267 eliac
579 3213 735 3281 quattuor,
762 3208 903 3267 nimirum
931 3207 1055 3267 Blasius
1077 3224 1110 3282 p.
1137 3213 1174 3265 23
1201 3213 1230 3265 et
1244 3199 1348 3282 'siquis

200 3313 279 3370 alius
299 3327 354 3369 seu
375 3312 479 3369 statuit
497 3316 621 3384 praeter
643 3309 808 3384 Eriponam
827 3309 968 3381 sabulos,
996 3327 1036 3368 ea·
1062 3309 1265 3371 consecatione
1286 3324 1347 3371 aare

199 3415 370 3480 necessaria
392 3427 546 3471 numerum
573 3411 769 3483 confecerunt
794 3411 968 3488 improbum.
1013 3418 1152 3489 quattuor
1181 3407 1347 3488 tragoedias

200 3515 296 3587 inqiut
320 3513 444 3572 Marcus
466 3512 594 3573 sedecim
618 3512 723 3573 diebus
745 3511 906 3573 absolvisse
929 3520 958 3571 te
980 3530 1046 3571 cuns
1064 3509 1186 3579 scribas,
1209 3519 1242 3572 tu
1264 3513 1346 3591 quie·
1450 3512 1456 3521 ’

201 3632 287 3691 (priam
313 3614 350 3673 ab
374 3613 431 3673 alia
455 3615 618 3675 mutuaris?
648 3624 677 3674 ct
699 3611 811 3686 πάθος
833 3614 953 3693 quaeris
975 3631 1041 3675 cum
1064 3612 1210 3674 Electram
1234 3622 1263 3674 et
1285 3620 1348 3674 tro·

201 3715 268 3776 dam
297 3715 471 3794 scripseris?
498 3724 630 3777 cessator
657 3734 722 3777 esse
745 3714 805 3777 noli
834 3722 863 3775 et
890 3711 962 3775 illud
984 3714 1095 3792 γνῶθι
1117 3709 1262 3776 σεαυτόν
1287 3715 1347 3775 noli

201 3827 304 3897 putere
320 3815 356 3876 ael
373 3815 573 3894 adrogantiam
590 3818 781 3878 minuendam
798 3815 892 3877 salum
910 3834 975 3876 esse
991 3816 1113 3885 dictum,
1133 3836 1235 3878 verum
1258 3818 1345 3879 etiem

202 3928 235 3979 ut
266 3917 342 3978 traria
373 3920 652 3986 nostra'norimus,
682 3918 732 3979 sed
763 3927 793 3979 et
820 3920 890 3980 istas
919 3926 949 3978 et
975 3917 1135 3999 Erigonam
1163 3917 1236 3979 mihi
1258 3918 1347 3980 velim

202 4022 309 4081 mittas.
353 4023 384 4078 in
414 4021 519 4094 quibus
546 4015 657 4092 πάθος
677 4023 843 4096 praeclare
878 4022 1024 4079 Vsencrus
1055 4021 1222 4082 emendavit
1255 4023 1350 4081 musei

201 4123 330 4182 rhenani
344 4121 445 4181 XXII
451 4138 486 4197 p.
506 4127 564 4180 tab
578 4123 740 4207 secunaum
757 4123 886 4183 Medicei
899 4125 1081 4197 scripturam
1095 4125 1231 4202 t‘tneoc„
1246 4139 1348 4182 oerum

202 4223 282 4294 quael
302 4223 450 4283 antecedit
472 4230 502 4281 et
523 4239 582 4284 non
604 4239 678 4298 opus
699 4240 762 4283 esse
783 4224 858 4283 milei
878 4223 995 4283 vitietur
1021 4225 1053 4282 iu
1075 4231 1121 4284 set
1142 4231 1260 4285 mutare
1281 4240 1348 4285 cum

201 4323 311 4391 coelem,
334 4327 406 4398 auia
427 4327 656 4399 interropationi
670 4326 795 4385 Marciis
816 4327 907 4385 alteri
919 4327 1046 4384 alteram
1065 4332 1219 4385 conectens
1229 4328 1349 4401 pariter

200 4441 267 4485 eum
290 4432 430 4499 quattuor
452 4429 676 4500 tropaeaiarum
699 4430 842 4487 memoria
863 4428 1050 4486 coniunctam
1073 4426 1128 4485 boe
1140 4431 1238 4502 potins
1259 4435 1349 4487 curat
1379 4503 1383 4510 ⁵

253 4576 277 4627 Q.
291 4576 362 4617 Cicera
377 4575 409 4615 ea.
423 4574 532 4617 Biieheier.
1126 4551 1164 4606 2⁰
