3304 5206
284 374 326 437 66
379 421 383 429 .
580 369 582 375 ’
690 391 811 450 ovium
834 389 1019 437 emenonis
1085 453 1088 461 Ι

286 545 351 616 dus,
375 536 461 624 isq'ue
484 545 535 606 diu
559 554 589 606 et
611 546 711 608 multis
733 544 988 608 lucubrationibus
1003 553 1199 609 commentata
1215 548 1348 607 oratione
1364 547 1429 607 vide

249 661 318 717 aut
340 654 468 734 probare
490 658 584 734 possit
612 662 641 716 te
670 674 728 717 non
757 675 906 736 peccasse·
952 656 1040 735 plane
1062 664 1092 718 te
1114 675 1202 736 rogo,
1233 659 1276 719 sic
1302 665 1334 717 nt
1360 631 1428 718 olins

283 774 407 827 matrem
437 774 567 827 nostram
598 767 697 827 lacere
727 767 867 836 memini,
896 784 973 845 qnae
997 766 1117 846 lagonas
1139 770 1227 828 etiam
1252 769 1354 827 inanes
1377 766 1429 826 ob·
1491 776 1497 789 ·

283 876 429 955 signabat,
461 895 498 936 ne
527 876 700 938 dicerentur
728 879 833 938 inanes
856 875 971 957 aliquae
993 878 1086 938 luisse
1109 896 1184 957 quae
1206 879 1308 938 lurtirn
1332 884 1430 937 esseut

283 988 462 1055 exsiccatae,
487 988 531 1047 sic
553 995 584 1047 tu
607 986 740 1049 etiamsi
762 987 842 1066 quod
864 986 978 1049 scribas
1001 1006 1060 1048 non
1084 987 1217 1059 babebis,
1241 986 1364 1048 scribito
1387 993 1456 1046 tas

283 1114 362 1167 men,
387 1115 425 1157 ne
449 1096 560 1158 lurtum
583 1098 758 1160 cessationis
781 1099 961 1174 qrraesivisse
984 1075 1120 1158 videaris.
1159 1096 1241 1157 valde
1263 1098 1340 1157 eninr
1358 1094 1430 1156 milri

284 1225 403 1286 semper
439 1218 469 1267 et
503 1226 570 1267 vera
605 1215 635 1267 et
668 1206 765 1268 dulcia
802 1210 858 1268 tuis
887 1205 1018 1286 epistolis
1038 1209 1229 1268 nuntiantur.
1279 1224 1343 1267 arna
1376 1224 1430 1266 nos

284 1324 312 1376 et
338 1315 411 1377 vale.

768 1454 944 1464 ...ι-...-

847 1611 868 1674 4

340 1780 385 1871 Q.
415 1778 605 1855 CICERO
633 1780 815 1856 TIRONI
842 1779 941 1857 SVO
970 1780 1077 1855 SAL.
1105 1779 1376 1856 PLVRIMAM

370 1926 374 1933 ·
781 1906 938 1983 DIOIT.
1445 1921 1469 1957 ¹0

367 2096 517 2156 Mirificam
542 2096 581 2154 uri
604 2092 840 2155 verberationem
864 2096 1038 2157 cessationis
1060 2092 1182 2173 epistola
1207 2092 1322 2153 dedisti.
1363 2112 1451 2154 narn„

283 2225 360 2287 quae
383 2203 500 2285 par'cius
524 2206 616 2265 irater
639 2207 857 2284 perscripserat
879 2204 1057 2268 verecundia
1081 2202 1215 2265 videlicet
1238 2211 1267 2263 et
1289 2222 1427 2283 propera·

282 2319 372 2384 tione,
397 2334 430 2376 ea
453 2323 485 2376 tu
507 2316 572 2375 sine
594 2314 799 2377 adsentatione
823 2324 856 2375 ut
878 2323 979 2382 erant,
1005 2315 1041 2375 ad
1064 2334 1112 2375 me
1134 2316 1293 2392 scripsisti,
1318 2324 1347 2375 et
1370 2333 1430 2374 nra·

282 2428 360 2488 rime
383 2425 420 2486 de
443 2443 504 2485 cos.
529 2423 707 2503 designatis,
731 2444 806 2504 quos
829 2442 884 2503 ego
907 2426 1025 2505 penitus
1048 2426 1116 2484 nori
1138 2423 1292 2484 libidinum
1317 2432 1346 2483 et
1367 2423 1430 2484 lan-

282 2536 385 2616 guoris
408 2535 654 2596 ellenrinatissimi
678 2524 796 2616 finiani]
819 2534 932 2616 plenos,
960 2537 1010 2616 qni
1033 2537 1090 2596 nisi
1112 2555 1128 2595 a
1151 2533 1359 2612 gubernaculis
1383 2553 1429 2595 re·
1445 2564 1469 2603 15
1516 2532 1518 2535 ’

249 2647 440 2715 2eesserinr.
464 2646 623 2705 maximum
647 2645 684 2706 ab
705 2646 845 2707 universo
868 2646 1022 2723 naufragio
1044 2644 1211 2725 periculum
1235 2652 1288 2705 est
1334 2646 1429 2705 incre·

282 2754 416 2825 dibilest,
440 2772 515 2835 quae
538 2773 592 2834 ego
615 2753 681 2815 illos
704 2756 766 2817 scio
789 2757 934 2834 oppositis
956 2753 1107 2816 Gallorum
1132 2756 1237 2816 castris
1260 2755 1289 2813 in
1313 2755 1430 2816 aestivis

283 2867 398 2934 iecisse,
422 2882 495 2943 quos
517 2863 567 2925 ille
590 2863 681 2933 latro,
712 2866 766 2926 nisi
790 2864 900 2945 aliquid
924 2867 1037 2925 licinius
1060 2866 1158 2940 inerit,
1183 2866 1324 2925 societate
1346 2866 1428 2924 vitio·

281 2994 347 3038 runi
371 2954 510 3036 deldniet.
555 2994 604 3036 res
626 2983 672 3035 cst
693 2983 744 3036 aut
767 2974 932 3036 tribuniciis
961 2982 1011 3036 aut
1038 2975 1158 3054 privatis
1181 2975 1312 3035 consiliis
1334 2977 1428 3035 rnnni·

282 3086 367 3155 enda,
393 3103 460 3145 narn
483 3085 531 3145 isti
553 3083 613 3145 duo
635 3087 682 3145 vix
705 3093 775 3147 sunt
797 3085 879 3163 digni
901 3084 1008 3164 quibus
1031 3083 1116 3146 alteri
1138 3085 1315 3154 Caesenam,
1344 3084 1469 3150 altorieo

350 3304 621 3370 llugubrationibus
645 3304 703 3354 ΒΜ
719 3306 767 3356 red
784 3320 820 3368 gu
839 3305 870 3354 M
890 3321 926 3356 ex
949 3305 1110 3356 correctione
1137 3302 1141 3369 Ι
1171 3305 1360 3356 commendata
1378 3305 1403 3354 B
1423 3302 1426 3367 Ι

282 3374 455 3505 ῗῦῐαοςὲωὲε
478 3372 503 3422 Β
526 3374 643 3437 conflatis
664 3378 691 3421 nt
714 3374 815 3423 uidetur
834 3373 925 3433 formis
947 3373 1063 3437 lagenas
1087 3372 1243 3438 (lagoenas)
1267 3380 1292 3422 et
1313 3371 1429 3436 lagonas

341 3455 388 3505 qur

350 3534 416 3594 en.
435 3549 482 3583 orn.
503 3532 529 3581 B
555 3534 559 3594 Ι
586 3529 647 3585 sal'.
667 3529 736 3597 plcir.
756 3531 824 3583 dicit
842 3533 867 3582 B
893 3530 898 3597 Ι
927 3535 958 3585 ie
976 3538 1007 3583 tu
1025 3550 1071 3586 om.
1091 3533 1116 3582 B
1142 3532 1147 3594 Ι
1174 3535 1366 3583 assentatione
1385 3532 1430 3582 B.-

283 3601 445 3651 adsentione
464 3601 497 3650 M
520 3599 525 3663 Ι
553 3602 585 3649 14
603 3599 636 3649 de
655 3617 701 3650 om.
722 3600 747 3649 B
774 3600 778 3665 Ι
806 3616 862 3653 cos.
882 3600 928 3650 M:
948 3616 1016 3665 qaros
1033 3597 1207 3665 Bilibinnm
1226 3598 1276 3665 ΜΙ
1296 3600 1431 3651 inanimi

269 3666 531 3787 ἰίξὶ.ιτ1ἰζζέξείἱιίιιεεῇ11
548 3668 580 3718 16
603 3666 767 3718 incredibile
790 3673 833 3718 est
850 3668 876 3718 B
903 3666 907 3733 Ι
935 3670 967 3719 17
990 3669 1048 3719 scio
1066 3685 1112 3721 om.
1133 3669 1157 3718 B
1183 3669 1188 3730 Ι
1216 3671 1247 3719 18
1265 3666 1400 3718 lir'nrusB
1424 3665 1427 3731 Ι

358 3944 373 3988 9
396 3942 488 4003 lepilnr
511 3940 625 3989 subiecta
646 3941 776 4003 superiori
798 3939 872 3988 XVI
892 3942 939 4002 27,
968 3941 1030 3990 data
1052 3946 1090 3988 est
1112 3955 1173 3990 rure
1195 3941 1298 3991 Ronrmn
1320 3945 1429 3991 exeunte

283 4025 308 4058 a.
328 4007 436 4069 DCCX,
454 4007 489 4069 cs.
507 4025 534 4070 p.
555 4011 587 4056 21
612 4004 623 4071 Ι
647 4009 678 4056 11
702 4009 829 4058 sententia
846 4007 908 4057 daec
926 4013 983 4057 est:
1006 4009 1109 4070 mirifice
1127 4024 1165 4057 me
1183 4015 1322 4058 cessantem
1340 4007 1429 4057 aerde-

281 4078 348 4125 rasti
364 4082 488 4125 accurata
505 4081 550 4124 tua
567 4076 677 4138 epistula
693 4073 704 4139 Ι
722 4078 755 4125 20
774 4075 888 4124 Caesena
909 4077 974 4125 satis
992 4075 1101 4139 ipnodile
1120 4075 1218 4126 Galliae
1236 4084 1340 4140 topatae
1358 4077 1431 4139 oppi-

281 4147 338 4193 dum
360 4143 389 4192 in
412 4144 502 4206 prima
524 4143 668 4206 prouincia
690 4143 733 4193 ubi
753 4144 865 4192 Pansam
891 4160 915 4193 o.
943 4143 1054 4193 dcclx
1075 4146 1250 4194 succedentem
1271 4146 1298 4192 in
1320 4161 1352 4193 ea
1367 4159 1429 4206 pro·

282 4213 366 4261 ariscio
387 4212 426 4260 M.
448 4211 533 4260 Bruto
556 4217 696 4260 cunctatam
714 4226 770 4261 esse
788 4213 900 4261 conicias
917 4211 951 4274 ef.
973 4212 1023 4261 Cic.
1042 4213 1078 4260 od
1095 4212 1152 4261 Att.
1172 4211 1232 4261 XII
1251 4215 1293 4274 27,
1314 4215 1339 4260 3.
1370 4211 1430 4260 Cos-

281 4280 397 4329 sutianae
415 4278 538 4328 tabernae
558 4277 651 4328 Orellio
669 4280 817 4329 onomnatici
833 4295 859 4342 p.
877 4281 928 4328 200
946 4280 1075 4328 ‘elidentur
1089 4280 1172 4341 faisse
1189 4295 1273 4344 prope
1293 4279 1430 4328 Caesenam

282 4348 350 4397 baad
370 4349 461 4410 procul
481 4346 513 4395 ab
536 4346 658 4396 hodierno
681 4346 827 4410 Snuipnano
850 4354 877 4396 at
902 4347 1045 4397 arbitratur
1071 4349 1112 4397 uir
1138 4349 1227 4399 doctus
1254 4350 1280 4396 in
1308 4348 1429 4415 Giornnle

283 4416 413 4465 Arcadico
431 4417 482 4467 nol.
495 4417 529 4464 26
545 4417 645 4480 μ31θ,
665 4414 782 4466 Cossutia
798 4430 861 4480 pens
878 4420 1030 4465 rnemorotar
1046 4416 1073 4464 in
1090 4417 1255 4480 inscriptione
1277 4415 1313 4464 ibi
1328 4417 1429 4477 allaim,
