3304 5206
277 389 320 453 00
632 402 635 410 ¹
679 403 802 471 avium
825 367 1009 457 menemus

278 566 386 626 existet
413 572 464 627 aut
492 564 614 626 sceleris
642 572 692 626 aut
719 562 849 627 libidinis
877 574 927 644 aut
955 565 1117 645 largitionis
1141 566 1364 627 accommodate
1384 568 1419 628 ad

227 688 259 736 53
278 692 381 735 eorum
404 694 504 736 mores
526 676 655 736 intumis.
699 679 794 756 Atque
818 678 907 737 etiam
928 678 959 737 in
981 676 1037 736 hcc
1065 677 1206 757 petitione
1228 678 1356 737 maxime
1379 678 1421 743 via

278 784 406 845 dentium
440 793 486 847 est
519 795 551 846 ut
584 804 652 867 spes
684 787 728 847 rei
760 784 897 867 publicae
929 786 1006 848 hone
1041 787 1077 847 de
1106 796 1134 847 te
1165 787 1205 848 sit
1238 795 1267 847 et
1294 787 1420 848 honesta
1450 858 1453 864 ⁴

277 895 387 974 opinio.
433 913 488 956 nec
510 903 609 957 tamen
632 897 662 956 in
685 896 813 977 petendo
835 915 884 958 res
906 896 1025 978 publice
1048 896 1232 978 capessenda
1255 906 1301 958 est
1323 916 1419 977 neque

277 1005 307 1064 in
334 1013 438 1066 senatu
467 1020 565 1084 neque
594 1008 623 1067 iu
652 1008 806 1076 contione,
836 1015 881 1069 set
908 1007 982 1068 haee
1010 1006 1063 1068 tihi
1090 1014 1159 1068 sunt
1186 1006 1357 1077 retinenda,
1388 1002 1474 1068 ute*
1529 1060 1533 1068 ,

277 1123 396 1176 senatus
417 1123 446 1176 te
462 1118 611 1178 existimet
629 1136 663 1178 ex
688 1136 723 1178 eo
746 1116 825 1195 quod
848 1119 889 1179 ita
911 1118 1031 1187 vixeris·
1051 1118 1238 1178 defensorem
1261 1119 1419 1178 auctariu-

212 1268 223 1278 .
277 1226 315 1284 tis
337 1243 407 1286 suae
429 1226 508 1298 lore,
538 1229 652 1307 equites
680 1235 709 1288 et
738 1229 792 1287 viri
818 1227 889 1288 honi
918 1246 952 1287 ac
980 1225 1142 1307 locupletes
1165 1246 1201 1288 ex
1223 1229 1280 1288 vite
1304 1234 1367 1288 acte
1390 1236 1420 1288 te

276 1334 439 1399 studiosum
467 1339 519 1400 otii
547 1357 581 1399 ae
609 1356 711 1399 rerum
744 1336 985 1416 tranquillatum,
1020 1336 1181 1398 multitudo
1213 1356 1248 1397 ex
1277 1356 1312 1398 co
1340 1338 1419 1416 quod

276 1447 428 1511 dumtaxat
449 1451 583 1510 aratione
605 1450 636 1510 in
659 1447 847 1509 contionibus
874 1466 908 1508 cc
931 1447 1040 1511 iudicio
1062 1446 1215 1527 populeris
1236 1448 1327 1519 luisti,
1352 1455 1419 1509 tea

275 1562 337 1621 suis
359 1560 522 1623 commodis
544 1574 604 1620 non
625 1557 754 1620 alienum
776 1558 918 1620 loturum.
1433 1575 1458 1615 10

342 1767 358 1814 2
376 1766 515 1830 peticione
532 1762 536 1829 Ι
551 1769 567 1816 3
585 1763 616 1814 R·
635 1764 666 1814 P·
686 1761 689 1827 Ι
709 1766 723 1815 i
742 1778 756 1812 ι·
771 1769 832 1829 poet
851 1763 958 1828 equites
974 1762 1022 1813 sed
1038 1761 1110 1813 obelo
1128 1762 1248 1825 confossa
1266 1768 1290 1812 et
1307 1778 1418 1827 superne

275 1834 404 1898 adpuncta
428 1830 432 1897 Ι
455 1834 471 1883 8
490 1833 545 1883 ocii
568 1831 572 1896 Ι
596 1834 612 1882 9
636 1833 652 1892 ΙΙ
677 1832 735 1882 suis

348 2021 364 2068 2
387 2023 416 2069 et
437 2019 582 2069 infamium
599 2021 644 2069 te
670 2016 674 2082 Ι
700 2018 774 2067 huuc
793 2015 955 2083 petitionem
972 2020 982 2067 l
1000 2018 1017 2067 3
1037 2019 1071 2067 30
1090 2019 1125 2067 38
1151 2012 1156 2080 Ι
1182 2016 1256 2067 3rei
1274 2013 1416 2080 publicae]
1484 2029 1487 2032 ’

276 2102 296 2136 r.
316 2103 341 2151 p.
359 2089 435 2136 1117
454 2091 504 2137 127
520 2086 626 2136 romoni
644 2085 739 2151 populi
756 2090 766 2137 l
783 2088 817 2136 48
835 2088 867 2135 49
885 2083 981 2150 populi
998 2099 1065 2136 rom.
1082 2081 1161 2148 1501
1180 2086 1197 2134 4
1215 2085 1308 2148 opinio
1326 2100 1373 2134 om.
1395 2083 1423 2131 V

277 2151 281 2220 Ι
310 2158 325 2204 b
347 2157 416 2205 sunt
432 2155 485 2206 tibi
507 2156 655 2225 Lpracter
678 2157 695 2204 3
718 2157 769 2203 127
796 2156 823 2204 in
844 2154 933 2219 quibus
955 2158 994 2205 est
1016 2150 1161 2201 retinendo
1186 2151 1238 2202 tibi
1254 2152 1309 2201 sine
1328 2148 1416 2215 sunt!

276 2226 291 2274 7
309 2222 370 2271 fore
388 2226 417 2272 et
435 2223 542 2287 equites
559 2222 666 2272 romani
684 2223 750 2272 boni
768 2226 797 2271 et
814 2220 968 2286 locupletes
981 2220 1006 2271 L
1024 2222 1074 2270 nisi
1089 2221 1158 2284 quod
1174 2220 1247 2283 prius
1265 2224 1293 2268 et
1311 2221 1419 2269 emisere

277 2294 310 2341 47
327 2293 430 2340 50122
449 2294 501 2341 124
519 2294 578 2353 120,
597 2289 727 2340 uitiante
745 2289 810 2339 boni
828 2291 930 2343 addidit
946 2292 980 2339 50
1003 2288 1008 2354 Ι
1032 2288 1048 2338 8
1067 2303 1099 2338 eo
1117 2286 1260 2337 dumtaxat
1278 2287 1351 2351 quod
1368 2288 1392 2336 J,
1412 2284 1416 2352 Ι

275 2361 291 2410 9
311 2358 444 2408 concione
464 2359 622 2421 Grortouiusl
641 2359 673 2409 10
690 2356 812 2408 alienum
830 2372 884 2407 non
901 2358 926 2406 L

273 2557 367 2609 paene
379 2557 460 2598 omne
470 2543 602 2610 conferri
609 2542 725 2611 frustra
735 2543 833 2597 uideo·
861 2541 968 2597 adduci
983 2540 1103 2597 sceleris
1116 2545 1167 2597 eut
1178 2540 1305 2595 libidinis
1316 2540 1419 2607 quouis

277 2616 333 2665 tur.
347 2613 598 2677 nepueeutenuari
604 2611 835 2667 uididementiam
860 2617 985 2676 tempore
996 2611 1139 2676 potuerit?
1163 2609 1282 2675 aequius
1299 2614 1363 2663 erat
1375 2609 1418 2662 di-

276 2677 483 2746 puceprofecto
493 2694 602 2735 summa
612 2681 694 2734 estin
704 2681 835 2735 isteeen-
860 2692 927 2732 cere
937 2677 967 2730 -si
984 2692 1028 2731 res
1066 2674 1135 2732 escit
1152 2682 1203 2731 aut
1214 2676 1237 2729 si
1249 2690 1321 2744 quae
1334 2675 1418 2738 nosti,
1434 2720 1440 2727 .

277 2746 349 2808 silio,
363 2762 427 2801 cum
439 2747 589 2802 obsecutus
604 2745 709 2802 Orellia
720 2762 833 2813 compa·
860 2760 962 2801 uerum
985 2760 1020 2800 ne
1043 2693 1115 2803 iaec
1132 2745 1243 2810 quidem
1264 2744 1327 2798 siue
1350 2749 1418 2809 apte

278 2817 417 2869 rationem
439 2813 527 2870 habui
546 2814 728 2882 parapraplti
751 2818 784 2865 td
804 2815 834 2868 in
860 2814 923 2868 siue
947 2815 1043 2879 inepta
1067 2812 1218 2876 uidentur,
1246 2812 1319 2866 satis
1342 2817 1418 2866 sunt.

277 2899 334 2949 pua
350 2882 513 2949 prudenter
528 2882 649 2937 Marcus
666 2883 835 2937 admonetur
859 2881 955 2935 extitit
971 2881 1045 2934 enim
1060 2878 1184 2947 infamia
1206 2881 1419 2945 competitorum

278 2956 309 3005 ut
329 2949 458 3005 homines
478 2955 599 3017 propter
622 2952 834 3016 competitorum
860 2948 1058 3014 iampridem,
1079 2963 1157 3003 nune
1175 2962 1238 3002 eam
1255 2947 1348 3002 denuo
1365 2961 1418 3001 eu-

278 3018 419 3073 amicitias
435 3018 470 3075 ab
487 3033 518 3073 se
535 3018 689 3073 alieniores
706 3019 833 3073 reconci-
860 3018 947 3071 istere
964 3022 1047 3082 atque
1065 3016 1186 3071 erimine
1208 3020 1321 3070 recente
1338 3016 1418 3069 euci-

277 3086 350 3141 licre
362 3086 478 3141 studeat
488 3101 570 3141 suam
582 3101 652 3153 erpa
663 3100 712 3141 eos
724 3099 834 3151 compe·
861 3085 921 3138 tari
935 3099 950 3136 0
972 3087 1052 3137 ortet.
1087 3099 1144 3150 qna
1163 3097 1195 3136 re
1219 3084 1419 3137 necessarium

277 3156 378 3209 titares
413 3153 631 3209 beniuolentiam
670 3158 833 3208 caussatus.
861 3152 935 3206 duaci
963 3166 997 3205 oc
1009 3158 1040 3204 ut
1052 3150 1133 3204 etiem
1146 3150 1169 3203 si
1181 3164 1236 3218 qua
1266 3149 1424 3205 ossitnouu

278 3222 353 3276 addo
373 3221 445 3275 0000
465 3219 668 3276 accommodate
688 3219 722 3276 ad
739 3235 835 3274 eorum
860 3216 1116 3288 competitoribuse
1136 3166 1331 3272 istutiulitmia.

278 3304 370 3344 mores
382 3305 439 3344 non
451 3303 671 3355 superuacanea
681 3289 761 3343 modo
771 3302 835 3343 esse
906 3291 922 3337 2
941 3286 1022 3340 etium
1035 3285 1063 3338 in
1075 3235 1135 3340 ha}
1142 3285 1374 3351 quemadmodum
1388 3286 1418 3339 in

278 3359 309 3412 in
333 3359 462 3411 aratione
480 3359 610 3422 repentis
627 3356 680 3412 sed
697 3355 833 3410 absurda.
860 3353 1069 3421 superioribus,
1080 3368 1213 3408 maxume
1222 3355 1253 3408 in
1260 3358 1418 3419 praeturae

278 3426 399 3492 denique
426 3425 473 3479 liic
500 3425 535 3480 de
564 3426 606 3480 eis
630 3424 716 3479 rebus
740 3425 836 3490 apitur
860 3422 1004 3489 petitione.

278 3508 351 3558 puae
368 3492 406 3546 ad
421 3491 676 3548 concelebrandum
692 3505 836 3546 rumorem
906 3495 923 3541 5
940 3488 1108 3544 duriuscule
1122 3488 1163 3542 rei
1181 3485 1308 3556 publicae
1319 3501 1419 3542 succe-

280 3560 396 3615 ualeant
412 3560 443 3614 id
458 3566 501 3616 est
520 3561 559 3615 ad
570 3560 759 3627 optumamde
769 3558 835 3626 fra·
861 3559 933 3613 dunt
948 3556 1015 3612 haec
1033 3555 1082 3611 tibi
1099 3562 1165 3610 suut
1182 3554 1323 3609 retinenda
1335 3556 1366 3609 id
1376 3560 1420 3609 est

279 3635 322 3683 tre
352 3626 590 3683 existimationem
621 3629 835 3695 opinionemque
861 3626 982 3681 canutio
992 3624 1107 3690 publica
1119 3625 1150 3677 in
1161 3629 1265 3678 senatu
1277 3624 1419 3677 contione·

278 3697 415 3758 omnium,
433 3696 472 3749 ad
486 3712 570 3762 auam
586 3701 747 3751 ceterorum
766 3710 835 3751 can·
861 3708 914 3758 pue
927 3693 1074 3748 reticenda
1086 3692 1136 3746 tibi
1144 3697 1212 3746 sunt
1224 3698 1251 3745 et
1262 3705 1418 3745 reseruan-

278 3765 440 3818 didatorum
452 3762 574 3831 infamia
584 3763 755 3829 permultum
767 3777 834 3816 con·
861 3761 907 3815 de.
942 3760 1045 3816 deliine
1061 3762 1138 3814 inter
1158 3760 1246 3814 uitam
1265 3758 1372 3826 fratris
1393 3764 1420 3810 et

278 3832 366 3895 ducit,
377 3829 834 3897 clementisMorciinipsescom·
861 3830 1019 3883 orationem
1036 3826 1159 3894 Quintus
1177 3825 1269 3881 simile
1290 3832 1372 3891 atque
1389 3827 1419 3878 in

276 3901 414 3965 petitores
425 3898 603 3965 indulpentia
615 3903 664 3952 aut
673 3914 776 3963 parum
786 3904 836 3951 aut
861 3893 882 3964 5
898 3902 914 3947 5
931 3896 1085 3951 discrimen
1105 3895 1196 3962 facit:
1220 3894 1332 3949 uixisse
1356 3907 1420 3948 eum

280 3966 358 4021 niati.
387 3966 468 4031 lenpe
486 3965 601 4020 meliore
617 3970 723 4019 conatu
733 3962 835 4019 Pater·
862 3962 1046 4031 defensorem
1079 3969 1213 4023 senatus,
1250 3960 1420 4027 popularem

279 4051 342 4089 mus
355 4033 442 4089 edidit
461 4040 492 4087 ut
509 4034 590 4088 etiam
605 4033 627 4086 si
641 4048 695 4098 nuo
706 4032 797 4097 possit
808 4032 836 4084 iu
861 4029 956 4098 fuisse
968 4031 1035 4086 dum
1048 4036 1130 4085 taxat
1143 4031 1281 4092 erutione,
1294 4029 1420 4083 studium

279 4099 508 4168 competitoribus
526 4101 581 4154 tuis
599 4100 709 4160 existet.
730 4098 835 4154 0οΙίο1-
863 4098 1078 4165 tranquillitatis
1090 4104 1300 4163 000000οεεο
1312 4097 1420 4162 equites

279 4172 353 4224 mius
367 4170 391 4223 si
408 4169 452 4222 cui
471 4168 561 4236 possit
577 4183 591 4221 e
606 4165 835 4236 competitoribus
862 4181 897 4220 ac
918 4166 1095 4231 publicanos.
1135 4163 1263 4220 Romani⁴
1279 4164 1354 4230 quod
1382 4163 1421 4216 ad

277 4239 437 4303 proposuit,
452 4238 549 4304 neutri
560 4250 609 4290 res
621 4249 761 4301 prospere
774 4249 834 4288 ces·
862 4235 969 4356 sapuites
988 4234 1059 4288 solet
1080 4234 1169 4296 adici,
1191 4235 1222 4287 in
1235 4231 1421 4305 Berolinensi
1473 4263 1475 4267 «

280 4307 325 4358 sit.
350 4307 447 4371 ecquis
460 4305 534 4357 enim
544 4302 836 4370 primanuiuslibelii
862 4302 883 4355 li
900 4318 933 4356 ro
950 4301 1035 4356 simul
1057 4300 1219 4355 inculcatum
1242 4315 1277 4353 ac
1298 4298 1420 4354 deletum

280 4375 374 4437 rapite
398 4373 465 4437 lepit
484 4377 622 4426 ettamen
643 4370 752 4425 dubitat
769 4372 837 4436 quin
862 4369 970 4424 sustuli
986 4374 1017 4423 ut
1033 4368 1171 4434 00010000
1183 4368 1308 4422 ciuitatis
1321 4366 1420 4421 distri—

282 4438 404 4495 Catiliua
413 4441 592 4494 Antoniusue
604 4441 634 4494 in
646 4440 838 4505 suspicionem
863 4437 938 4493 butio
950 4439 1072 4493 minume
1084 4437 1217 4503 indipeat.
