3304 5206
324 380 366 446 48
729 396 850 456 eninm
873 396 1058 447 eionnoms

325 554 412 632 pauci
435 554 514 613 enim
538 564 617 613 scint.
662 552 770 612 deinde
793 546 926 632 appeto,q
943 552 1035 613 multo
1059 554 1138 612 enim
1161 552 1275 613 facilius
1297 552 1348 613 illa
1366 552 1470 612 adole-

326 661 529 726 scentulorum
553 662 589 723 ad
613 664 774 723 amicitiam
796 642 878 723 aetas
895 644 1077 740 adiungitur.
1126 646 1231 722 deinde
1258 646 1469 723 innectendo

216 765 221 774 ’
278 854 285 860 μ
327 792 363 832 ex
391 752 545 834 inventute
573 773 716 863 optimum
751 791 900 852 quemque
938 780 967 833 et
994 756 1248 833 studiosissimam
1271 756 1469 847 humanitatis.

225 912 288 973 t.
327 892 390 973 tuin
413 860 592 973 antoniensi
616 883 695 960 quod
719 862 951 962 eqnester'ordo
973 892 1041 943 tnns
1064 891 1121 953 cst;
1146 862 1287 943 secuntur
1310 866 1408 943 autem
1430 868 1472 942 illi

327 966 677 1083 anctoriioiem'ordints,
702 988 727 1053 si
749 992 831 1053 abste
855 978 1012 1053 adhibetur
1035 1012 1068 1054 ea
1090 976 1255 1070 diligentia,
1286 980 1406 1053 nt'non
1423 1012 1499 1053 or-ft

328 1105 406 1185 dinis
429 1080 698 1164 solnmvolnntate
727 1111 772 1163 set
799 1104 887 1164 etiam
916 1102 1098 1180 singulorum
1128 1105 1266 1163 amicitiis
1295 1121 1345 1163 eas
1368 1086 1472 1163 centn·
1521 1105 1528 1111 “

246 1216 249 1219 ’
327 1216 386 1273 rias
414 1196 748 1274 confirmatashabeas.
792 1215 850 1274 iam
880 1198 975 1272 studia
1006 1213 1294 1273 adolescentulorum
1318 1198 1473 1273 in'snll'ra·
1508 1290 1520 1299 .

327 1323 433 1401 gando,
456 1308 487 1382 in
511 1322 656 1392 obeundo,
681 1306 712 1383 in
735 1307 908 1392 nuntiando,
931 1325 961 1381 in
985 1323 1159 1384 assentando
1181 1324 1305 1383 mirifice
1316 1302 1356 1382 'et'
1368 1308 1473 1400 magite

619 1412 632 1421 ι.

225 1416 346 1501 V11113i
362 1414 391 1492 ei
413 1412 649 1495 tionesta'sunn
745 1434 781 1507 Et
804 1413 942 1513 niloniam
966 1418 1168 1494 assentationis
1187 1418 1298 1493 mentio
1316 1418 1399 1493 'lacta
1421 1436 1474 1501 est,

328 1526 358 1604 id
382 1546 501 1624 qnoque
517 1526 680 1603 curandum
695 1524 757 1613 est,¹
773 1545 808 1603 'nt
830 1530 975 1605 cotidiana
998 1530 1146 1622 'cuiusque
1168 1530 1288 1621 generis
1311 1550 1340 1602 et
1359 1528 1478 1603 ordinis*
1489 1564 1514 1600 1o

329 1656 484 1714 etaetatis
507 1661 601 1714 utare.
646 1670 713 1724 nam
738 1672 773 1713 ex
798 1673 830 1713 ea
859 1656 922 1733 ipsa
953 1656 1039 1733 copia
1066 1653 1237 1717 coniectura
1263 1654 1327 1714 fleri
1356 1653 1473 1731 poterit,

398 1841 411 1887 l
432 1842 532 1903 appele
552 1837 678 1888 Orellins:
698 1840 792 1903 appeti
810 1837 816 1904 Ι
836 1842 851 1888 ’2
870 1840 1026 1889 amiciciam
1046 1839 1050 1901 Ι
1072 1840 1170 1890 deinde
1188 1841 1319 1890 delendum
1336 1846 1363 1888 et
1380 1855 1394 1889 e
1410 1854 1473 1902 pro·

329 1909 399 1957 ximo
417 1922 493 1956 nerse
512 1911 568 1954 tum
586 1907 634 1955 decc
652 1909 856 1969 transformamini
874 1924 930 1957 esse
948 1923 1038 1957 censeo
1055 1908 1090 1964 14
1109 1915 1166 1959 tum
1185 1913 1233 1957 siit
1252 1906 1355 1974 (lineola
1372 1911 1475 1971 stipent

300 1958 306 2041 Ι
330 1975 417 2033 dircen)
439 1975 494 2023 emi
517 1975 604 2038 quod:
626 1972 859 2027 scribendnnoesse
877 1975 996 2038 deniqne
1015 1992 1106 2026 censeo
1128 1976 1139 2039 Ι
1163 1978 1179 2024 6
1199 1975 1335 2024 amiciciis
1361 1974 1367 2037 1
1392 1973 1475 2024 8ob·

330 2042 446 2093 orliendo
462 2043 493 2095 in
510 2043 667 2092 nunciando
683 2041 687 2106 Ι
703 2045 718 2092 ti
737 2041 812 2108 sant]
832 2058 847 2091 a
863 2045 889 2091 in
906 2059 1000 2092 raanrc
1014 2044 1019 2105 Ι
1036 2046 1067 2094 to
1086 2044 1240 2093 cottidiana

400 2214 413 2260 1
436 2211 520 2276 pauci
544 2212 616 2260 enim
640 2208 705 2260 sitiit
727 2212 777 2265 oin·
798 2213 820 2260 L
842 2219 950 2275 praeter
974 2216 1006 2262 48
1029 2216 1061 2262 td
1088 2209 1092 2278 Ι
1120 2210 1408 2278 deindeadipisoendi
1426 2214 1449 2262 L
1469 2212 1473 2277 Ι

330 2279 416 2329 multo
434 2305 469 2314 —-
487 2278 646 2342 adiungitur
664 2283 790 2328 translato
808 2281 875 2328 inter
893 2280 1073 2329 humanitatis
1096 2289 1122 2330 et
1144 2287 1200 2331 tum
1219 2284 1245 2331 in
1267 2297 1343 2331 aternu
1361 2285 1377 2331 4
1399 2284 1475 2331 coilo·

265 2388 267 2393 .
330 2350 398 2397 enuit
416 2351 424 2396 t
441 2347 524 2408 5012
544 2352 624 2396 aetas
643 2347 677 2396 ad
696 2346 848 2397 amicitiam
867 2352 876 2397 t
894 2351 910 2397 3
930 2351 964 2397 36
982 2352 1015 2397 50
1029 2348 1034 2413 Ι
1050 2349 1167 2399 habebis
1179 2350 1203 2397 t
1219 2351 1222 2410 Ι
1238 2351 1254 2398 4
1272 2354 1328 2398 tum
1348 2354 1477 2414 equ-enter

331 2415 396 2464 ordo
414 2419 545 2479 sequetur
562 2414 638 2464 illius
657 2416 850 2464 alletoritatem
869 2416 892 2464 L
909 2424 1017 2478 praeter
1033 2420 1067 2465 50
1090 2418 1115 2465 in
1138 2424 1187 2482 qno
1210 2423 1266 2466 tum
1290 2421 1382 2466 atatem
1422 2416 1476 2466 uod

329 2487 462 2554 ,equester
480 2481 546 2533 ordo
564 2486 628 2531 tuus
648 2488 690 2532 est
708 2488 857 2547 sequentur
875 2483 921 2535 illi
934 2482 1016 2533 huius
1040 2486 1235 2534 auctoritatem
1260 2483 1302 2533 ‘nd
1322 2482 1388 2535 Aer.
1405 2434 1476 2534 ίΙὶιν-

332 2551 395 2601 ciebo
414 2565 462 2615 ope
485 2552 580 2600 ueteris
602 2553 697 2600 codicis
720 2553 894 2610 eiiecndctnni',
918 2559 974 2599 tum
999 2558 1089 2601 autom
1113 2557 1242 2617 equester
1264 2552 1329 2602 ordo
1353 2553 1477 2619 sequitur

333 2619 526 2675 auctoritatem
551 2619 664 2668 maioris
683 2618 785 2668 ordinis
804 2621 889 2669 roden
907 2621 1021 2669 Danielis
1059 2624 1150 2669 tamen
1172 2637 1223 2685 pro
1247 2625 1304 2669 tum
1326 2618 1350 2668 V
1367 2611 1443 2669 111‘7
1470 2617 1474 2684 Ι

332 2691 347 2738 ὅ
367 2685 585 2821 ειᾱΙΙίϋῧὺΙῖΙιτΑι
595 2694 709 2802 [praeter
728 2690 778 2735 122
798 2689 848 2757 {24
867 2691 918 2735 126
943 2688 948 2749 Ι
975 2689 990 2735 6
1014 2657 1089 2737 illins
1109 2705 1160 2751 pro
1185 2687 1271 2737 solum
1291 2688 1313 2737 L
1330 2696 1438 2752 praeter
1459 2690 1476 2737 3

522 2873 563 2881 --

332 2940 485 2994 sternacem
496 2940 767 2994 maioresennornin
774 2936 895 2994 XXXV
918 2954 1049 2996 sermone
1067 2943 1187 3004 ostendi,
1206 2948 1300 2996 treinen
1317 2956 1475 3010 concernen-

332 3021 396 3062 enm
408 3006 545 3061 debuisse
562 3023 601 3060 en
618 3005 753 3061 Suetonio
770 3008 840 3073 Arip.
858 3013 892 3058 38
918 3015 972 3063 tem
985 3026 1049 3064 enni
1059 3012 1169 3076 prioris
1180 3012 1323 3077 principio
1335 3012 1479 3064 ensentioti

330 3076 509 3141 perspicitur
523 3074 673 3141 (efiLrinpi
684 3079 769 3141 ciritio.
782 3075 893 3129 romll
917 3077 1042 3144 fornicem
1064 3079 1093 3131 id
1113 3084 1156 3132 est
1179 3077 1277 3132 deinde
1296 3079 1392 3140 miror,
1423 3093 1477 3144 pro

330 3143 449 3209 peti).
479 3149 605 3197 ceterum
623 3143 695 3196 mitte
712 3145 892 3198 innnoner·
919 3162 971 3210 qieo
996 3145 1107 3199 mollem
1130 3146 1257 3200 dedisset
1280 3154 1347 3200 tnm.
1385 3161 1477 3212 porro

333 3209 423 3265 sicido
437 3209 560 3276 Quintus
577 3210 649 3264 dcccc
666 3211 786 3276 refersit
803 3211 890 3265 molto
919 3212 1017 3266 Italici
1033 3213 1100 3266 libri
1115 3213 1216 3268 deletis
1233 3213 1290 3268 iltis
1309 3221 1399 3267 antem
1424 3213 1477 3268 emi

330 3276 443 3343 facilins
460 3277 600 3343 diligentia
619 3280 719 3331 teiieci:
744 3294 800 3332 non
817 3281 891 3333 nite
918 3280 1197 3348 qnoddifsieultntenr
1208 3282 1478 3347 expedierunteoni-

332 3360 468 3412 perorem
492 3348 519 3400 si
542 3347 695 3413 coamatori
716 3348 892 3412 scripsisset,
919 3349 1089 3403 candissimo.
1111 3355 1138 3404 et
1151 3349 1251 3402 antemi
1262 3349 1372 3415 quidem
1384 3348 1478 3403 inBe-

335 3417 365 3467 ot
382 3428 513 3467 comens
531 3415 679 3467 centerius
696 3415 753 3466 iem
771 3414 858 3467 teneri
876 3432 894 3466 o
920 3417 1060 3471 rotinensi
1087 3423 1179 3482 potest
1208 3431 1240 3470 eo
1268 3417 1378 3484 [certain
1413 3432 1479 3471 esse

334 3478 437 3535 dicineo
460 3481 648 3557 siqnittcnret,
681 3484 770 3535 omitti
793 3481 893 3538 metius
920 3484 1480 3550 qnodoceliscribccprnecncnrrerent

334 3548 391 3615 snit
417 3548 504 3603 oinlto
522 3548 629 3602 l'acilms
647 3564 719 3614 pecie
737 3551 826 3603 iterim
846 3565 894 3605 ne·
911 3552 959 3619 ‘nd
976 3560 1065 3605 antem
1090 3552 1139 3606 illi.
1174 3552 1227 3605 scd
1243 3552 1319 3618 quod
1337 3553 1412 3606 unde
1431 3552 1479 3606 od·

336 3632 404 3670 reor
425 3632 460 3670 ne
484 3616 551 3671 hnic
574 3619 721 3671 coniitioto
740 3632 779 3671 ece
795 3617 892 3673 selme-
922 3622 1034 3673 uenerit
1046 3622 1087 3672 ito
1100 3635 1156 3673 non
1175 3625 1304 3685 apparet.
1334 3622 1478 3674 coniectu·

335 3690 436 3750 nitente
450 3687 636 3740 accesserint.
921 3703 973 3740 rne
987 3687 1193 3753 inizcspcneris
1207 3694 1264 3740 tom
1278 3687 1390 3742 adiuuat
1401 3687 1478 3756 qnod

331 3816 335 3821 Δ
387 3757 401 3802 2
424 3750 535 3818 deinde]
565 3752 611 3806 ln's
640 3758 670 3806 nt
699 3754 894 3807 emendatione
920 3762 1074 3821 propterea
1103 3754 1172 3807 milti
1194 3753 1383 3820 displicuere,
1405 3757 1482 3821 qnod

310 3821 517 3893 „subuenirem
527 3820 671 3887 probabili
682 3821 751 3874 enini
761 3837 817 3874 non
827 3837 893 3876 con·
917 3822 1068 3890 postutare
1109 3822 1283 3877 uidebantur
1318 3825 1479 3890 oppositum

336 3892 403 3954 tiqit.
444 3888 513 3942 bene
537 3890 630 3943 oratio
651 3890 819 3954 procederet
841 3888 895 3942 icoc
921 3897 1052 3956 ses-untur
1070 3889 1154 3953 enim,
1172 3906 1229 3944 non
1246 3898 1346 3946 antem.
1382 3898 1479 3946 entre·

335 3956 417 4010 modo
434 3954 532 4009 deinde
548 3955 649 4023 allega,
669 3956 751 4009 linitos
769 3957 839 4009 enim
853 3965 894 4010 te·
921 3974 996 4025 nistre
1012 3957 1065 4011 noe
1082 3966 1145 4011 erct
1162 3964 1193 4012 nt
1209 3960 1239 4012 in
1257 3958 1305 4012 illo
1320 3959 1419 4013 mendo
1433 3959 1479 4012 dc-

336 4038 397 4077 omn
422 4039 454 4076 ex
478 4022 623 4084 iuuentute
648 4024 782 4091 optimam
799 4039 893 4091 quein·
921 4026 1006 4093 niqne
1019 4027 1098 4080 nocis
1111 4026 1238 4081 uiderent
1252 4028 1410 4093 nestipinm.

335 4107 398 4158 qne.
428 4098 487 4144 tnm
505 4088 635 4145 continno
660 4092 707 4145 nel
729 4092 798 4144 insta
818 4090 894 4159 qnod
957 4098 988 4143 11
1000 4109 1031 4146 ex
1045 4109 1075 4147 ea
1088 4093 1147 4161 ipsa
1160 4093 1239 4159 eopia
1252 4093 1410 4148 coniectura
1421 4091 1480 4147 lieri

333 4166 467 4225 *equester
485 4157 553 4212 ordo
572 4166 636 4211 tnns
655 4167 705 4213 est.
743 4174 844 4213 uerum
869 4161 896 4213 si
921 4160 1025 4227 poterit
1048 4168 1181 4228 quantum
1199 4162 1236 4215 sis
1253 4161 1281 4215 in
1298 4162 1359 4229 ipso
1382 4176 1479 4228 eampo

314 4266 316 4269 .
337 4225 420 4280 tibris
430 4226 515 4291 fidem
527 4225 677 4288 nodemus,
691 4228 814 4280 deuertit
826 4243 894 4280 orn-
922 4228 1022 4281 uirium
1040 4227 1184 4282 habituros
1207 4229 1272 4296 fere
1294 4231 1367 4284 idern
1385 4230 1480 4284 decin-

335 4297 373 4347 tio
392 4294 426 4347 oli
444 4294 606 4359 imperandi
621 4294 715 4357 modo,
740 4311 795 4359 qun
812 4296 842 4348 in
863 4310 895 4348 re
921 4302 990 4348 rent
1006 4297 1080 4361 qnod
1097 4312 1128 4349 ex
1146 4312 1175 4349 ea
1192 4295 1251 4364 ipsa
1269 4297 1347 4365 copia
1366 4296 1400 4351 de
1416 4296 1480 4364 ipso

335 4363 390 4415 rtsi
402 4376 579 4427 tieqndpnom
589 4377 661 4427 optes
672 4362 894 4428 fnitpunernodo
916 4364 1023 4416 'euentu
1047 4362 1191 4425 indicabisg
1222 4365 1298 4418 cende
1327 4368 1357 4418 in
1379 4368 1481 4431 priore

334 4431 420 4509 pinsiti
442 4428 573 4497 exemplo
601 4436 821 4496 praeceptorum
845 4430 897 4483 tnli
922 4431 1044 4484 ricemere
1061 4447 1144 4497 purten
1167 4433 1342 4487 inconditum
1366 4434 1404 4486 ait
1420 4431 1480 4502 ipsa
