3304 5206
295 359 476 481 nst

294 580 327 632 ut
353 574 503 633 haesitare
530 590 592 631 sese
620 557 806 647 inutraque
834 591 868 632 re
895 574 1045 640 ostendat,
1074 590 1163 647 quum
1193 577 1278 649 ipsae
1299 593 1348 635 res
1370 577 1443 650 quid

294 676 371 733 inter
392 692 423 734 se
445 674 562 734 distent.
600 676 638 737 de
659 683 797 750 quattuor
819 678 911 749 iqitur
934 674 996 735 istis
1018 676 1097 735 duae
1118 685 1207 735 erant
1228 677 1350 736 Electra
1372 678 1441 737 olim

294 777 332 835 ab
354 776 498 852 Sophocle
518 782 548 835 ct
569 777 717 852 Euripide
739 778 910 851 Romaeque
937 777 975 835 ab
1003 778 1092 843 Atilio
1119 781 1149 838 in
1177 793 1316 838 scaenam
1338 780 1442 839 deluto

267 913 270 920 ·
293 887 322 938 el
342 895 379 938 eu
400 870 486 938 cuius
508 893 612 937 nomen
635 888 783 954 utsupra
803 881 892 954 posui
910 886 1084 954 corruptum
1111 882 1141 939 in
1164 881 1300 940 Mediceo
1321 884 1439 955 lepitar,

294 975 426 1039 Troadas
445 979 543 1067 fuisse
564 973 739 1041 Sebuetzius
767 988 795 1040 el
822 982 1061 1055 Wesenberqius,
1091 980 1224 1042 Troilum
1253 983 1441 1043 Frilzscltius
1552 1040 1556 1045 ,

293 1088 381 1156 utque
406 1074 557 1141 Vsenerus
578 1089 747 1142 statuerunt
767 1098 824 1147 non
847 1087 919 1142 salis
939 1085 1142 1158 probabiliter,
1166 1087 1304 1157 quonium
1320 1088 1350 1143 in
1365 1101 1441 1144 cor-

290 1200 366 1259 pore
386 1185 523 1244 vocabuli
540 1183 667 1256 facilius
688 1200 777 1258 quam
800 1188 830 1244 in
852 1188 936 1244 exitu
957 1185 1097 1244 librarios
1117 1203 1260 1261 peccasse
1280 1187 1438 1246 credimus.

293 1290 436 1360 quocirca
458 1286 706 1359 quemadmodum
728 1291 858 1364 tropetes
881 1288 912 1344 in
934 1287 1083 1346 codicibus
1098 1289 1192 1347 indere
1207 1295 1250 1348 est
1263 1290 1354 1363 Apici
1366 1288 1441 1347 libro

293 1396 376 1448 sento
397 1390 450 1462 qui
470 1388 508 1447 de
529 1388 628 1448 ouium
649 1390 779 1464 opsmiis
797 1388 861 1460 full
882 1394 1045 1467 aucupatos,
1068 1392 1112 1450 sic
1134 1382 1248 1450 trudam
1264 1397 1441 1465 retorquen-¹

186 1549 193 1560 ,
293 1492 364 1549 dam
386 1506 448 1549 esse
468 1491 575 1566 opinor
596 1493 628 1549 in
649 1492 795 1568 Aeropum
824 1489 904 1563 quod
929 1506 1034 1550 nomen
1062 1508 1208 1565 nusquam
1232 1492 1302 1564 fere
1322 1490 1440 1550 scribae

217 1596 219 1599 ’
293 1609 354 1652 υου
373 1592 532 1664 fallaciter
554 1593 718 1659 uiolarunt,
748 1598 781 1650 ut
803 1594 863 1651 ium
886 1592 1028 1652 Nicoluus
1051 1592 1191 1654 Heinsius
1212 1593 1378 1653 observarit
1398 1592 1441 1651 od

295 1693 384 1754 Ouidi
397 1695 525 1753 tristium
547 1693 586 1752 II
599 1699 667 1766 391,
697 1693 878 1753 creberrime
899 1695 945 1752 illi
965 1696 1082 1768 quidem
1105 1696 1143 1755 ub
1166 1713 1257 1773 esopo
1280 1695 1440 1761 deelinan-

198 1808 202 1819 ¹
293 1804 335 1855 tes
356 1798 388 1854 in
410 1813 563 1874 europam.
602 1795 751 1869 Aeropum
773 1802 802 1855 el
818 1796 933 1869 ripatico
952 1796 1092 1869 fabulam
1107 1800 1303 1873 inscripserat
1315 1804 1344 1857 el
1360 1798 1440 1856 Car-

292 1901 391 1965 cinus,
421 1898 498 1955 idem
526 1905 734 1971 arpumentum
763 1900 794 1955 in
827 1896 949 1971 preste
975 1897 1134 1972 Sophocles
1161 1900 1382 1974 Euripidesque
1409 1901 1440 1958 in

178 1986 185 1990 ⁸
294 2001 406 2060 Cressis
431 2006 654 2059 tractaverant:
682 2001 785 2072 quales
813 2000 986 2072 truqocdius
1013 1999 1126 2073 Romae
1153 2003 1302 2061 lectitulas
1328 2017 1441 2074 usuque

292 2105 380 2162 tritus
410 2101 507 2173 fuisse
539 2101 659 2160 abunde
692 2101 867 2160 declaratur
901 2084 1045 2161 Ouidiuno
1082 2119 1167 2176 quern
1199 2103 1334 2162 indicaui
1367 2104 1438 2162 loeo.

293 2199 404 2274 πάθος
425 2184 523 2263 aulem
544 2201 671 2276 infuisse
692 2205 724 2261 in
745 2204 804 2263 bac
826 2205 954 2262 materia
980 2203 1188 2276 pravissimum
1216 2221 1282 2263 cum
1304 2222 1344 2263 en
1364 2221 1439 2279 per-

292 2307 409 2380 uolquta
424 2311 643 2378 contestataque
655 2302 782 2375 fabulae
796 2307 918 2380 ratione
927 2311 988 2363 lum
1002 2322 1042 2364 en
1056 2320 1091 2365 eo
1101 2309 1196 2365 elucet
1207 2305 1288 2379 quod
1299 2305 1439 2365 Alexan-

293 2410 349 2467 der
374 2398 574 2467 Pberaeorum
596 2412 745 2482 tqrunnus
763 2404 971 2477 ferocissimus
992 2407 1031 2466 ab
1046 2409 1172 2467 Aeliano
1194 2425 1259 2467 aar.
1275 2403 1341 2466 bist.
1357 2406 1444 2464 XIV

294 2519 334 2569 tu
355 2516 502 2569 narratur
528 2507 681 2567 Theodoro
702 2509 845 2567 bistrione
867 2509 1016 2585 Aeropum
1045 2515 1151 2582 aperte
1173 2503 1308 2587 σφόδρα
1332 2502 1439 2586 ἐμποι-

261 2606 263 2611 ’
294 2611 364 2683 θῶς
391 2611 503 2685 effusus
531 2612 562 2668 in
590 2613 741 2669 lacrumas
765 2610 855 2681 forus
878 2613 1096 2670 exsurrexisse.
1131 2608 1263 2680 forltnse
1285 2611 1440 2669 udiuuabil
1542 2624 1545 2629 ·

293 2716 380 2773 etiam
402 2715 458 2772 boc
479 2715 681 2773 coniecturam
702 2727 807 2780 meam,
832 2712 913 2785 quod
927 2713 1056 2772 Romani
1076 2713 1220 2787 quamdiu
1242 2717 1273 2772 in
1289 2715 1440 2786 tropicam

290 2818 394 2891 poesin
416 2815 584 2879 incubuere,
608 2816 660 2872 uix
682 2815 840 2887 quicquum
861 2816 986 2888 sinpulis
1001 2814 1145 2874 aelulibus
1160 2817 1256 2889 muqis
1278 2818 1308 2874 in
1325 2815 1439 2874 deliciis

292 2897 461 2977 babuerunt
489 2931 578 2991 quum
617 2913 775 2989 ibqesleus
805 2915 955 2990 Mycenas.
1005 2925 1136 2977 celerum
1172 2917 1230 2976 bae
1265 2916 1439 2990 truqoedlae
1495 2986 1502 2999 .

296 3019 396 3090 Quinti
415 3026 541 3079 cunctae
563 3033 621 3076 non
644 3018 761 3076 tardius
783 3019 995 3078 intermortuae
1023 3037 1086 3079 esse
1114 3035 1204 3094 quam
1226 3026 1316 3078 natae
1338 3019 1438 3077 uiden·

292 3131 351 3189 tur,
374 3128 454 3200 certe
475 3136 534 3180 non
554 3122 658 3194 piures
679 3121 710 3177 in
732 3134 826 3177 uranos
848 3122 966 3180 uicisse.
1011 3122 1071 3180 iam
1094 3137 1163 3181 uero
1177 3137 1244 3180 eum
1267 3136 1346 3179 anno
1364 3120 1441 3180 ΜΟ

295 3224 418 3293 Quintus
438 3230 467 3282 et
488 3222 598 3297 cupide
619 3224 815 3294 composuerit
833 3220 959 3291 fabulas
980 3230 1008 3281 el
1029 3226 1204 3299 compositas
1225 3240 1266 3283 en
1280 3225 1438 3297 prouincia

294 3325 418 3384 Romam
440 3326 553 3383 miserit
569 3323 689 3395 fratris·
704 3324 859 3382 sciscitans
873 3327 1062 3392 sententiam,
1083 3324 1180 3395 facile
1202 3327 1289 3383 etiam
1311 3327 1368 3383 erit
1388 3325 1439 3382 iu-

190 3504 193 3509 *
294 3429 395 3486 dicatu
423 3427 460 3485 de
486 3426 534 3485 bis
560 3441 638 3500 qaue
665 3428 807 3498 lepuntur
835 3428 866 3484 in
895 3427 1024 3501 epistula
1057 3443 1155 3485 mense
1181 3429 1283 3485 seulili
1309 3425 1438 3484 eiusdem

253 3537 260 3547 ‘
293 3531 368 3588 unni
388 3545 408 3586 a
431 3528 538 3587 Marco
561 3527 604 3586 ud
626 3527 764 3598 Quintum
787 3528 860 3587 duta
883 3528 922 3588 II
946 3535 993 3596 15,
1018 3535 1052 3585 3.·
1075 3523 1300 3597 συνδείπνους
1322 3527 1439 3604 Σοφο-

293 3625 413 3701 κλέους
435 3646 611 3708 quamquam
636 3648 651 3688 a
676 3637 704 3688 te
727 3637 821 3689 aelam
851 3628 986 3690 fabellam
1013 3628 1099 3688 video
1122 3645 1186 3688 esse
1209 3629 1327 3697 festive,
1357 3624 1438 3686 nullo

294 3730 382 3793 modo
411 3731 543 3811 probavi.
587 3739 657 3792 ante
684 3748 761 3805 quoe
791 3733 880 3790 verba
908 3733 946 3790 de
972 3731 1060 3790 rebus
1088 3731 1213 3791 urbanis
1239 3733 1365 3790 relatum
1387 3735 1438 3801 est,

291 3842 358 3910 post
383 3852 420 3894 ea
448 3834 485 3893 de
508 3832 609 3904 Quinti
633 3835 737 3893 litteris
766 3849 843 3906 quae
865 3833 1045 3892 Caesariani
1071 3832 1220 3891 euerc'itus
1247 3833 1278 3890 in
1307 3829 1439 3888 Briton-

293 3940 375 3996 niam
397 3937 555 3995 aduentum
577 3937 796 3995 nuntiauerant.
842 3936 908 4010 ipsa
930 3941 1032 3993 aulem
1050 3937 1103 3992 illa
1127 3933 1280 3992 Manutius
1301 3939 1330 3991 et
1357 3933 1439 3991 Wie-

293 4038 416 4098 landius
437 4037 476 4095 II
495 4053 528 4112 p.
554 4044 612 4095 ooo
640 4035 684 4095 ud
709 4051 772 4094 rem
800 4039 898 4095 nescio
931 4052 1020 4110 quum
1046 4042 1186 4110 spectare
1212 4034 1440 4094 arbitrabantur
1507 4067 1511 4071 ,

293 4155 371 4212 quae
391 4155 466 4198 casu
486 4141 565 4197 malo
586 4138 745 4198 accidisset
767 4138 872 4209 Quinto
900 4140 978 4197 aelul
1003 4139 1035 4197 in
1063 4134 1222 4211 mupnidco
1242 4137 1374 4196 cmaiaio
1396 4138 1438 4194 ilo

292 4243 416 4300 similem
437 4242 501 4300 eius
522 4240 650 4299 scaenae
676 4255 766 4312 quum
791 4242 822 4298 in
845 4240 984 4299 dramate
1009 4241 1141 4314 satyrico
1163 4238 1323 4313 Sopbocles
1343 4237 1440 4296 indu-

213 4409 217 4415 ,
293 4348 398 4409 nunt,
432 4348 465 4400 ut
491 4339 615 4411 Quintus
638 4339 765 4413 fabulae
788 4341 885 4400 <buius
915 4343 1009 4415 quusi¹
1035 4347 1120 4399 actor
1149 4340 1247 4413 fuisse
1277 4340 1438 4407 uideretur,

294 4442 448 4503 Ernestius
471 4443 514 4500 ad
534 4445 611 4500 iocos
630 4441 785 4518 Sapboclis
806 4434 965 4503 imitatione
986 4458 1143 4521 expressos
1164 4444 1271 4517 quibus
1291 4442 1439 4503 eohortem
