3304 5206
504 439 833 486 connnnrnnronrn
856 439 1056 486 periments
1312 424 1353 488 27
1436 492 1438 498 ,
1492 410 1494 416 ’

212 602 381 689 appareant.
428 596 518 658 hebes
541 599 620 657 enim
644 616 677 657 ea
701 614 777 674 quae
799 614 816 652 s
838 598 906 667 npvi
929 596 1112 657 habuerunt:
1136 597 1233 657 omnis
1255 595 1353 676 publi·

212 727 316 777 ranoS,
341 713 432 769 totum
461 709 525 768 lere
548 716 715 795 equestrem
740 707 893 781 ordinem,
923 706 1013 768 multa
1040 706 1159 787 propria
1183 708 1353 786 municipia,

213 817 318 880 rrudtos
348 816 401 879 abs
429 825 458 879 te
487 818 625 879 ‹leiensos
657 818 794 878 homines
821 819 963 897 citiusque
991 816 1116 886 ordinis,
1150 816 1262 895 aliquot.
1295 816 1355 876 ecl·

126 1010 128 1015 .
201 927 302 1007 ‘legin
335 935 488 1007 praeterea
521 928 618 989 studio
655 928 772 989 dicendi
806 927 977 989 conciliatos
1012 926 1156 1006 plurimos
1185 926 1356 989 adolescen-

186 1040 304 1110 erutos,
341 1039 517 1101 cotidianam
547 1042 708 1100 amicorum
737 1040 939 1100 assiduitatem
972 1045 1001 1097 et
1029 1037 1234 1116 frequentiam.
1282 1037 1389 1099 ltaect
1467 1101 1471 1107 „

119 1209 122 1213 .
213 1170 284 1211 cura
308 1159 340 1212 ut
363 1158 464 1212 teneas
487 1150 702 1211 commonendo
719 1157 748 1210 et
763 1149 895 1228 rogando
912 1154 941 1208 et
957 1148 1038 1209 omni
1060 1149 1177 1208 ratione
1199 1148 1354 1209 elliciendu

213 1269 245 1321 ut
261 1245 432 1339 ¹intelligant
455 1242 630 1338 qui'debent
651 1269 699 1322 tua
717 1279 814 1329 causa,
836 1257 1151 1340 referendaegratiae,
1176 1261 1225 1338 qni
1246 1258 1354 1328 volunt,

212 1370 363 1449 obligandi
384 1373 428 1432 tui
450 1382 568 1452 tempus
590 1371 646 1432 sibi
674 1371 752 1432 aliud
776 1368 888 1431 nullum
910 1369 984 1430 lore.
1030 1369 1124 1430 Etiam
1150 1369 1207 1429 hoc
1230 1369 1356 1431 multum

214 1482 328 1543 ridetur
351 1481 489 1543 adiuvare
516 1500 605 1562 posse
634 1500 739 1543 novum
763 1480 928 1550 bominem,
958 1480 1111 1539 hominum
1140 1478 1284 1540 nobilium
1307 1499 1357 1539 vo·

176 1618 200 1654 10
215 1591 312 1654 luntas
340 1600 369 1653 et
396 1595 524 1653 maxime
552 1592 761 1654 consularium.
813 1591 949 1669 prodest,
980 1608 1107 1669 quornm
1135 1591 1165 1649 in
1194 1587 1291 1651 locum
1323 1610 1357 1651 ac

135 1705 138 1709 ’
215 1720 373 1764 numerum
396 1705 555 1782 pervenire
576 1701 662 1772 velis,
687 1702 723 1762 ab
746 1704 772 1762 is
795 1702 866 1782 ipsis
888 1700 939 1761 illo
962 1697 1028 1760 loco
1053 1698 1114 1779 [ac]
1145 1700 1267 1779 dignum
1292 1699 1357 1783 Ιιιιι-

215 1810 312 1894 mero]
342 1814 449 1893 putari.
500 1815 510 1873 i
537 1814 661 1892 rogandi
689 1831 792 1873 omnes
815 1818 884 1873 sunt
911 1811 1069 1889 diligenter
1093 1817 1121 1869 et
1149 1811 1183 1870 ad
1214 1828 1265 1870 eos
1288 1810 1356 1871 alle·
1376 1789 1398 1869 5·

215 1911 344 2001 gaudum
361 1931 406 1984 est
419 1923 715 2003 persuadendumque
728 1925 754 1984 is
767 1942 821 1983 nos
837 1940 955 2002 semper
975 1941 1042 1981 cum
1063 1920 1254 2000 optimatibus
1271 1921 1308 1981 de
1325 1940 1358 1980 re

216 2033 334 2111 publicu
357 2036 497 2104 sensisse,
523 2035 643 2094 minime
659 2033 812 2113 popularis
828 2033 927 2102 luisse,
954 2031 1050 2111 siquid
1067 2031 1160 2091 locuti
1174 2030 1358 2113 populariter

285 2257 298 2304 1
323 2270 393 2320 quae
416 2255 499 2304 nouit
517 2257 713 2319 supplementum
735 2254 894 2305 Schwaraius
915 2254 1088 2318 Baiterusque
1111 2269 1146 2303 ecc
1171 2252 1300 2303 Ciceronis
1325 2254 1361 2302 ud

216 2324 323 2373 Fadium
339 2339 381 2388 ep.
402 2324 428 2373 V
439 2326 471 2372 18
489 2325 648 2387 repetierunt
665 2339 720 2372 non
737 2323 818 2372 multi
835 2321 960 2372 homines
978 2322 1044 2372 noui
1059 2321 1063 2381 Ι
1079 2320 1205 2370 omnibus
1220 2320 1224 2381 Ι
1240 2324 1255 2369 2
1275 2321 1333 2369 fore
1355 2318 1357 2382 Ι

217 2393 232 2439 5
251 2391 430 2440 cottidianam
455 2391 459 2454 Ι
483 2393 498 2440 6
522 2391 716 2441 commonendo
739 2392 850 2453 scripsi:
869 2389 1083 2441 commendando
1107 2388 1112 2452 Ι
1137 2390 1167 2438 11
1187 2388 1229 2438 his
1253 2387 1259 2451 Ι
1283 2405 1316 2437 uc
1334 2395 1359 2438 et

132 2486 142 2495 ·
217 2473 329 2510 numero
346 2460 439 2509 seclusi
461 2460 464 2521 Ι
490 2460 520 2508 12
538 2458 584 2508 hic
602 2457 717 2523 rogandi
741 2456 748 2521 Ι
769 2454 966 2522 allegenduml
987 2460 1019 2507 13
1035 2457 1080 2507 his

286 2656 300 2704 1
324 2671 394 2720 quae
418 2656 484 2705 noui
505 2670 560 2705 non
582 2654 739 2704 habuerunt
757 2657 766 2704 t
783 2657 816 2704 50
839 2668 909 2719 quae
931 2653 997 2702 noui
1020 2666 1071 2702 non
1094 2666 1187 2702 omnes
1205 2650 1361 2703 habuerunt

218 2725 307 2775 doctas
323 2724 442 2773 Lambini
457 2725 551 2773 amicus
575 2722 579 2781 Ι
602 2719 759 2788 2ρτορτὶα]
784 2726 930 2787 praeterea
952 2722 977 2770 J.
1000 2727 1109 2784 excepta
1129 2723 1163 2770 38
1185 2722 1229 2785 qui
1249 2721 1360 2786 propria

219 2791 286 2841 dura
308 2792 461 2856 municipia
482 2792 557 2840 babet
578 2793 626 2841 sed
646 2791 758 2856 propria
782 2797 923 2841 correctum
940 2791 967 2838 in
984 2793 1148 2854 propterea:
1166 2790 1281 2839 similiter
1298 2805 1360 2854 pro-

218 2859 280 2923 pria
298 2859 363 2908 diua
386 2861 411 2909 V
431 2860 543 2923 propria.
561 2858 623 2909 dmn
646 2859 669 2907 T
688 2862 836 2924 praeterea
858 2858 954 2907 diuina
974 2857 1148 2906 Cratandrina
1171 2853 1175 2919 Ι
1198 2860 1214 2905 3
1237 2856 1360 2906 homines

219 2943 264 2976 orn.
284 2929 514 2985 1484912416
534 2942 598 2975 cura
617 2931 804 2976 etutteneas
823 2929 867 2976 13
886 2929 921 2976 36
940 2928 974 2974 38
993 2928 1027 2974 47
1044 2926 1197 2974 4849122
1217 2927 1268 2974 124
1287 2929 1337 2974 127

220 3000 249 3044 et
267 2993 481 3044 commendando
500 2999 509 3044 i
526 2998 559 3044 50
578 2993 582 3057 Ι
602 2997 617 3044 7
637 2999 665 3044 et
683 2995 730 3058 qui
748 2994 876 3042 debenti
894 2992 947 3054 501
967 2996 995 3042 et
1014 2993 1060 3057 qui
1078 2991 1172 3041 uolunt
1189 2993 1213 3039 L
1229 2991 1234 3053 Ι
1251 2996 1280 3040 11
1299 2993 1361 3042 loco

219 3077 252 3111 ac
270 3077 381 3111 numero
399 3062 510 3126 dignum
528 3063 620 3127 putari
637 3064 661 3110 L
677 3060 681 3121 Ι
697 3064 729 3112 13
748 3068 791 3111 est
807 3078 855 3113 ont.
867 3062 891 3110 L
908 3066 1016 3125 praeter
1035 3062 1052 3109 3
1071 3062 1106 3109 36
1125 3061 1159 3109 38
1173 3056 1178 3122 Ι
1194 3060 1362 3123 persuaden-

219 3129 335 3194 dumque
355 3131 449 3180 estiis
467 3131 490 3179 L
506 3139 615 3194 praeter
633 3133 667 3180 38
686 3131 729 3196 qai
747 3134 788 3179 est
806 3130 888 3180 omisit
907 3130 911 3190 Ι
930 3129 965 3178 iis
984 3145 1029 3179 orn.
1048 3128 1182 3176 Palatinus

220 3328 291 3389 tum,
308 3324 384 3390 quod
400 3339 504 3378 nouam
525 3324 603 3379 deecit
622 3326 777 3392 expositio·
803 3324 959 3379 studiosior
976 3324 1037 3391 ipse
1055 3322 1136 3377 docet
1145 3317 1169 3442 p
1186 3325 1217 3372 19
1241 3335 1362 3376 commo·

220 3407 283 3446 nene
307 3393 341 3447 de
365 3393 498 3447 amicitiis
522 3393 613 3448 altero
640 3394 777 3448 nouitatis
804 3391 906 3455 nendo,
929 3389 1066 3457 rogando,
1090 3387 1290 3451 marmanda,
1315 3404 1362 3444 cu-

219 3459 360 3524 subsidio,
386 3477 443 3515 non
467 3459 583 3516 debebat
611 3460 777 3516 imbecillius
804 3457 1111 3523 randoutintellegant.
1135 3458 1321 3523 oripomendi
1333 3462 1363 3512 at

219 3529 258 3582 ita
286 3529 420 3596 subsequi
442 3534 478 3583 'ut
506 3529 621 3583 aliunde
650 3530 777 3595 quaesito
804 3523 1361 3593 appareat,nicrcrepmmesrcomenuo

220 3600 292 3669 opus
309 3602 386 3651 esset
401 3596 581 3650 adminiculo.
609 3613 665 3663 qua
685 3611 717 3651 re
735 3595 778 3650 iac
804 3597 834 3649 in
851 3595 947 3649 codice
968 3592 1226 3665 Lppomarsiniano
1251 3598 1300 3656 38,
1325 3593 1364 3647 ibi

220 3662 382 3718 addendum
394 3677 457 3717 esse
470 3678 580 3719 censeo.
804 3665 834 3716 in
846 3662 943 3729 eodem
956 3659 1125 3716 commendo.

263 3737 292 3814 2*
307 3763 420 3832 propria
442 3764 493 3818 mn.
516 3765 567 3818 um.
595 3765 690 3821 dedita
736 3767 779 3820 Sic
848 3734 879 3781 11
897 3746 928 3784 ac
940 3744 1055 3784 numero
1065 3730 1174 3783 iterare
1186 3729 1290 3782 nimiae
1299 3734 1363 3783 erat

220 3830 240 3899 ‘q
254 3837 288 3883 35
300 3831 453 3885 minutatim
465 3846 496 3884 ex
509 3831 699 3888 communibus
712 3850 777 3900 pm·
804 3798 975 3863 diiipentiae.
998 3813 1032 3851 ac
1044 3811 1079 3851 ne
1092 3796 1161 3851 bene
1170 3795 1364 3862 quidembaec

173 3904 176 3909 ’
221 3899 285 3968 prii.
312 3916 344 3955 ex
361 3897 465 3953 fucosis
488 3897 558 3952 firmi
581 3898 777 3966 suffragatores
804 3861 1363 3999 {3⁰ss“emsspfflsssnffffibgpglifflffis

222 3967 349 4023 mmmm·
578 4031 582 4037 ·
705 4032 707 4036 ·
805 4016 877 4068 quae
889 4016 980 4067 supra
993 4014 1110 4055 uersum
1128 3999 1174 4053 uel
1189 4000 1220 4053 in
1234 4002 1363 4066 marpine

264 4075 278 4119 a
307 4066 524 4123 columendando
553 4083 611 4121 non
641 4067 718 4122 ualet
749 4070 780 4123 id
806 4070 936 4135 adposita
953 4072 1038 4123 erant
1053 4067 1224 4137 plassemata
1241 4071 1298 4120 tarn
1314 4083 1362 4122 ne·

221 4137 296 4201 quud
312 4137 411 4191 ualere
428 4138 509 4191 aiunt
525 4142 552 4189 te
569 4134 623 4189 illis
643 4150 780 4190 commen·
806 4137 949 4203 plepenter
965 4137 997 4189 in
1013 4137 1106 4202 ipsum
1120 4149 1238 4190 uersum
1250 4150 1363 4201 compu-

224 4202 321 4257 ‹lando
351 4203 542 4259 commendare
566 4211 596 4258 ut
618 4201 780 4268 intellegant
806 4204 902 4260 lerunt
919 4208 950 4258 ut
966 4203 1014 4258 nel
1030 4203 1123 4258 media
1139 4201 1280 4258 uocabula
1291 4201 1363 4256 diri-

224 4272 320 4324 neseio
338 4287 376 4324 an
391 4271 581 4336 prouinciaiis
596 4270 689 4339 fuerit
705 4270 780 4326 loeu-
807 4277 915 4326 merent
946 4269 1001 4338 (af.
1031 4273 1123 4326 musei
1149 4269 1274 4324 rhenani
1300 4268 1364 4324 Xll

224 4339 276 4400 tio,
298 4339 329 4391 in
351 4340 475 4405 antiquis
496 4339 599 4394 litteris
620 4338 780 4404 exemplum
804 4357 832 4405 p.
851 4340 920 4404 467),
950 4340 1016 4393 item
1032 4338 1079 4393 bic
1094 4339 1204 4405 facturn
1224 4342 1269 4392 est
1284 4343 1315 4393 ut
1333 4353 1364 4391 ac

225 4421 281 4458 non
294 4407 417 4472 repperi.
441 4406 564 4472 Quintus
576 4408 644 4474 quid
655 4409 792 4472 scripse·⁴
807 4412 873 4461 ante
890 4406 1015 4473 dignum,
1041 4420 1156 4460 numero
1180 4410 1247 4459 ante
1271 4405 1362 4472 putari

224 4475 263 4527 rit
275 4472 411 4540 simplicis
424 4491 507 4541 quarn
525 4478 627 4530 uariae
641 4477 780 4531 orationis
807 4473 1011 4532 inculcaretur.
