3304 5206
1372 436 1393 506 3

246 602 349 692 itaquo
368 611 511 678 ittdict'ttm
534 615 682 703 Catilinae
695 616 722 676 si
735 612 765 674 in
781 614 965 676 novembrem
979 617 1197 689 contulerimus,
1219 632 1286 676 cum
1302 615 1393 686 Quin-

245 728 291 780 tus
312 736 371 779 non
393 726 426 779 ut
449 722 606 794 pronnmis
634 718 736 778 diebus
761 718 882 791 factum
907 719 963 777 sed
988 724 1022 778 ut
1047 719 1162 778 dudum
1186 720 1393 794 pernolpotum

245 823 279 881 id
299 828 412 894 narret,
435 822 705 880 commentariolum
720 823 784 879 eins
798 820 980 879 adducimur
994 828 1027 879 ut
1039 822 1230 895 compositum
1249 836 1312 879 esse
1323 818 1394 892 fere

245 925 387 983 ianuario
408 939 506 981 mense
527 924 602 980 anni
623 921 830 981 actam
848 918 1022 981 statuamus,
1052 939 1086 982 co
1108 931 1238 998 tempore
1253 921 1394 982 Marcum

245 1027 351 1085 ceteris
378 1025 466 1084 rebus
489 1026 687 1098 praeparatis
713 1025 833 1083 assidue
859 1029 961 1097 petere
983 1026 1191 1099 petitionisque
1219 1025 1308 1099 quasi
1327 1026 1393 1083 uela

241 1128 380 1201 pandere
401 1129 524 1186 uoluisse
544 1142 585 1184 eie
606 1127 733 1200 epistula
748 1126 792 1185 ad
805 1126 933 1184 Atticum
947 1126 969 1184 I
981 1133 1007 1200 1,
1026 1133 1045 1184 2
1065 1125 1392 1199 cummutationem

250 1229 372 1300 balatus
384 1235 549 1313 postquam
571 1227 723 1286 aedilitate
745 1243 777 1285 se
803 1227 960 1296 abdicauit,
989 1208 1063 1287 satis
1084 1231 1125 1288 oli
1144 1234 1251 1288 nactus
1271 1234 1339 1287 erat
1360 1234 1393 1286 ul

242 1331 355 1402 fratris
376 1330 484 1389 bonori
501 1330 686 1404 prospiciens
707 1331 824 1403 copiam
845 1332 875 1389 ei
891 1329 1012 1402 faceret
1033 1330 1188 1390 doctrinae
1208 1326 1282 1389 suae
1303 1336 1393 1403 atque

245 1412 460 1507 experientiae.
505 1429 621 1503 afuisse
636 1429 732 1490 Roma
757 1447 824 1490 cum
844 1433 966 1506 scripsit
980 1433 1250 1492 commentariolum
1268 1430 1393 1502 Quintus

244 1534 322 1593 Iano
338 1534 481 1593 Guilelmo
500 1531 670 1608 Tydemano
686 1534 770 1591 uisus
791 1543 834 1592 est
854 1537 907 1607 qni
927 1514 1161 1593 dissertationem
1175 1534 1214 1592 de
1227 1549 1261 1592 eo
1275 1533 1392 1592 bistoni-

247 1652 315 1697 cam
337 1642 365 1695 et
378 1637 581 1708 dictionarium
606 1633 745 1707 Lupduni
766 1635 952 1696 Batauorum
974 1652 1057 1695 auno
1079 1641 1155 1694 1838
1181 1634 1278 1694 edidit
1300 1651 1335 1710 p.
1360 1640 1394 1691 tb

245 1738 288 1796 ‘iu
308 1739 415 1812 primis
433 1742 560 1811 propter
576 1738 721 1810 epistulae
739 1739 839 1808 finem,
857 1739 888 1795 in
904 1753 961 1810 auo
977 1748 1126 1812 praeseus
1147 1720 1205 1795 non
1228 1737 1395 1810 scripsisset

244 1857 277 1898 se
298 1840 373 1899 leaeo
391 1838 492 1911 fratri
504 1838 686 1912 corripenda
709 1840 838 1910 tradere,
861 1840 916 1898 sed
936 1841 999 1914 ipsc
1020 1839 1178 1898 dicisset'.
1201 1845 1309 1898 contra
1331 1839 1392 1896 nd·

242 1941 341 2013 fuisse
361 1941 435 2000 mibi
457 1940 488 1999 in
510 1939 583 1998 urbe
604 1938 795 2011 cumfratre
816 1942 934 2005 uidetur
956 1944 1023 2001 item
1044 1949 1172 2017 propter
1191 1943 1281 2014 finem
1303 1939 1396 1999 libelli

244 2046 275 2101 in
304 2058 361 2116 quo
389 2042 495 2100 absens
522 2057 582 2100 non
611 2043 779 2114 scripsisset
806 2042 923 2121 siquid
948 2042 1122 2103 mutandum
1147 2061 1211 2102 esso
1235 2039 1392 2108 vibebitur,

247 2142 332 2202 veliin
358 2142 413 2203 boo
436 2143 508 2202 aiibi
531 2142 611 2202 diors
633 2143 688 2201 sed
710 2141 794 2201 velim
819 2142 875 2202 boc
898 2143 969 2203 milii
990 2142 1113 2204 scribas.
1297 2214 1299 2218 ¹

330 2247 544 2320 Arpumenlum
565 2244 658 2304 libelli
677 2246 754 2302 iusta
777 2230 878 2304 rerum
900 2247 1105 2306 distributione
1126 2262 1164 2305 ac
1184 2253 1284 2306 tenore
1298 2246 1393 2320 inopis

246 2364 335 2422 anam
356 2347 507 2418 facilitate
529 2347 670 2404 orudonis
691 2355 720 2405 et
742 2348 837 2406 nitore
861 2351 1016 2423 conspicui
1041 2351 1207 2409 summatim
1231 2362 1392 2423 exponant.

246 2453 308 2532 triu
328 2451 442 2523 petenti
463 2446 576 2527 fratri]
590 2448 720 2505 monime
747 2448 923 2508 meditando
948 2465 1012 2508 esse
1033 2450 1124 2526 boec,
1152 2465 1258 2510 nouum
1280 2465 1311 2508 se
1331 2465 1395 2508 esse

247 2552 404 2627 bominem,
430 2551 615 2609 consulatum
637 2565 668 2606 se
688 2556 803 2622 petere,
835 2552 982 2610 ciuitatem
1009 2568 1073 2610 esse
1100 2550 1223 2610 Romam
1248 2547 1286 2631 (ἕ
1309 2557 1325 2608 1
1348 2554 1392 2625 2).

242 2654 375 2728 primum
398 2654 490 2724 ipitur
511 2654 549 2711 de
570 2653 698 2711 nouitate
715 2650 834 2710 disserit
855 2649 893 2733 (ἕ
916 2658 1046 2728 2-12).·
1068 2653 1253 2715 sublevatum
1273 2667 1339 2711 eam
1355 2653 1397 2711 iri

246 2756 378 2814 inanime
400 2754 523 2813 dicendi
540 2754 640 2825 ploria
663 2771 701 2813 ac
720 2753 966 2829 fornicantis)
988 2755 1096 2814 delum
1111 2757 1274 2814 amicorum
1290 2754 1393 2813 mititi-

247 2857 349 2915 tudine
370 2862 401 2915 el
417 2854 577 2928 peneribus
600 2855 647 2928 (3)
672 2861 731 2913 tum
759 2855 899 2933 nobilium
928 2856 1077 2916 bominum
1105 2859 1255 2917 uoluntate
1277 2855 1393 2930 purtim

245 2959 449 3017 consularium
472 2958 588 3030 partim
616 2956 850 3016 adulescentium
872 2958 986 3031 (1-6)
1016 2960 1143 3032 deniqne
1170 2959 1393 3032 competitorum

245 3060 366 3131 inuenio
388 3066 417 3117 el
439 3056 569 3129 infamio
593 3057 722 3131 (t—tb)
747 3060 912 3132 praecipue
933 3061 1045 3118 Auloni
1067 3061 1115 3135 (8)
1143 3066 1172 3118 et
1193 3060 1338 3119 Catilinae
1360 3059 1394 3130 (9

249 3164 308 3234 ta).
340 3162 435 3233 quare
456 3160 605 3217 meliorem
622 3150 729 3247 Mario
747 3162 897 3234 petitionis
914 3158 1076 3232 fortunam
1094 3161 1198 3219 datam
1220 3176 1283 3219 esse
1304 3175 1394 3233 quam
1452 3174 1460 3184 ’

247 3263 343 3321 Coelio
367 3261 462 3320 Cnido
484 3261 731 3321 nobilissimorum
753 3271 842 3336 atque
863 3263 935 3321 bene
956 3265 1129 3323 meritorum
1145 3263 1295 3322 leontinum
1310 3276 1394 3320 com-

134 3400 139 3409 ·
244 3364 365 3438 petitori
386 3364 436 3434 (tt
462 3366 520 3437 12).
551 3364 610 3421 iam
633 3364 671 3422 de
691 3365 830 3437 petitione
845 3365 981 3424 dicturas
1003 3362 1041 3444 (ἕ
1063 3368 1195 3439 13-53)
1213 3364 1395 3439 perstrinpil

246 3469 309 3525 cius
331 3464 583 3538 mapnitudinem:
610 3468 796 3525 consulatum
818 3481 961 3525 summum
983 3468 1113 3526 ciuitatis
1134 3469 1231 3526 locum
1255 3465 1395 3526 Ciceroni
1465 3508 1468 3511 -

247 3567 474 3625 muttos'mnltis
489 3566 526 3624 de
546 3568 660 3625 caussis
682 3568 825 3647 innidere¹
839 3569 891 3640 (13
909 3571 960 3640 tt)
984 3569 1083 3640 itaque
1105 3581 1219 3631 summu
1242 3581 1394 3644 opusesse

247 3671 279 3739 in
299 3669 438 3741 petitione
459 3684 535 3726 curu
558 3669 636 3742 (15).
681 3671 798 3727 uersari
823 3677 921 3727 ttutem
946 3671 1116 3742 petitionem
1138 3671 1169 3727 in
1197 3667 1314 3729 duabus
1333 3684 1394 3742 po-

247 3771 388 3829 tissimum
416 3770 593 3837 rationibus,
622 3772 653 3828 in
680 3773 843 3830 amicorum
872 3770 977 3830 studiis
1003 3778 1032 3829 et
1059 3773 1089 3829 in
1115 3773 1223 3846 populi
1248 3772 1395 3830 uoluntate

249 3872 327 3946 (lb).
372 3871 535 3928 amicorum
556 3872 657 3930 studia
679 3853 769 3931 antea
786 3878 884 3946 partu
906 3890 968 3932 esse
986 3879 1138 3951 oportere,
1161 3872 1278 3945 referri
1295 3878 1393 3932 autem
1427 3881 1435 3885 ’

247 3976 324 4032 inter
347 3974 457 4032 amicos
485 3973 517 4029 in
537 3974 677 4046 petitione
698 3976 751 4046 qui
770 3975 887 4048 aliquid
907 3975 1046 4033 ostendat
1067 3977 1096 4032 in
1122 3977 1279 4050 petitorem
1300 3975 1394 4035 bonae

248 4076 422 4147 uoluntatis,
455 4075 600 4148 uariaque
627 4076 791 4134 amicorum
816 4092 946 4153 penora,
970 4076 1086 4150 purtim
1119 4084 1262 4150 copnotos
1289 4092 1394 4136 neees-

247 4179 380 4236 sariosue
395 4176 462 4248 (to)
480 4177 599 4251 partim
617 4175 791 4235 domesticos
806 4193 844 4236 ac
859 4178 981 4237 tribules
1002 4194 1069 4237 eum
1092 4179 1204 4237 libertis
1227 4161 1293 4252 (17)
1313 4190 1394 4252 pur-

248 4280 304 4336 tim>
328 4278 459 4336 bominis
485 4278 615 4337 illustres
642 4280 688 4337 uel
714 4280 891 4351 mapistratu
916 4278 1079 4353 fuupentes
1105 4282 1151 4338 oet
1174 4281 1322 4354 pretiosos
1348 4280 1394 4338 nel

248 4379 418 4438 ambitiosos
440 4379 508 4452 (lb)
531 4395 661 4453 quosque
682 4395 859 4440 caussarum
882 4380 1102 4453 defensionibus
1125 4381 1228 4440 dicero
1245 4381 1303 4440 sibi
1321 4381 1393 4440 obli-

245 4486 373 4555 pouerat
391 4481 467 4554 (19),
485 4481 529 4540 ad
541 4483 627 4541 uaria
640 4483 792 4557 petitionis
812 4497 939 4542 munera
960 4499 1022 4544 esse
1047 4483 1213 4572 excitanda
1235 4499 1273 4544 ac
1294 4483 1393 4561 dispo-

1149 4581 1191 4643 1*
