3304 5206
293 424 336 504 34
697 427 817 515 omnm
844 442 1027 505 3333333333

148 664 150 667 .
247 616 330 673 1333
352 631 449 694 paene
471 613 562 682 33333,
587 615 747 694 superavit.
793 632 852 692 qua
875 634 907 677 33
930 615 999 685 tibi,
1024 616 1049 676 si
1072 615 1163 676 333333
1186 634 1219 675 33
1242 634 1317 694 3333
1339 622 1443 676 3333333

282 730 326 783 et
348 725 445 785 studia
474 723 580 804 3333333
602 742 720 803 semper
744 743 812 784 3333
840 742 886 795 33,
914 725 1095 803 3333333333,
1125 744 1201 804 3333
1229 727 1371 804 temporis
1399 726 1442 786 tui

295 835 371 895 ratio
394 816 555 904 desiderat,
587 853 663 913 3333
686 842 786 913 333333,
817 852 893 912 3333
915 834 1023 905 debes,
1053 854 1114 896 non
1143 824 1268 896 difficile
1291 842 1441 896 certamen

294 949 352 1005 3333
378 964 444 1005 cum
473 943 518 1004 his
546 944 804 1024 competitoribus,
843 947 893 1025 333
922 963 1110 1023 nequaquam
1139 955 1207 1007 sunt
1240 956 1300 1008 tam
1331 964 1442 1024 333333
1570 930 1639 1025 i

297 1053 455 1136 [insignes]
485 1073 572 1133 quam
603 1056 680 1115 titiis
714 1054 839 1115 nobiles,
891 1057 956 1135 3333
984 1058 1061 1117 enirn
1094 1057 1221 1136 reperiri
1253 1063 1352 1137 potest
1382 1065 1504 1127 tamt

293 1165 449 1245 improbus
471 1167 543 1226 civis
565 1167 616 1245 333
640 1165 706 1225 velit
728 1182 788 1225 nno
812 1165 955 1243 suffragio
976 1166 1109 1266 3333333
1119 1186 1183 1226 rem
1179 1165 1375 1325 (putriieam
1366 1169 1442 1228 33333

295 1277 503 1367 destringere?
633 1331 636 1334 ,
1179 1262 1233 1329 (L
1223 1296 1290 1368 i*
1304 1256 1434 1357 927

192 1396 293 1449 111113
383 1385 529 1456 Quoniam
557 1392 632 1466 3333
660 1385 791 1447 subsidia
820 1389 954 1449 novitatis
983 1387 1108 1449 haberes
1136 1396 1166 1449 33
1195 1387 1307 1450 habere
1329 1406 1439 1468 posses,

295 1500 427 1579 exposui,
452 1516 532 1558 nuno
555 1498 591 1557 de
614 1498 818 1574 magnitudine
841 1498 990 1577 petitionis
1013 1497 1170 1559 dicendum
1193 1499 1319 1560 videtur.
1365 1499 1440 1560 Con·

295 1606 421 1670 sulatum
444 1610 535 1686 petis,
566 1625 624 1686 333
653 1606 767 1668 honore
795 1627 883 1668 nemo
913 1616 956 1669 333
978 1610 1048 1689 33333
1072 1620 1102 1670 33
1122 1609 1245 1688 dignum
1268 1609 1438 1679 arbitretur,
1454 1625 1479 1663 10

294 1726 340 1779 333
361 1718 447 1779 multi
468 1720 519 1798 333
541 1717 700 1778 invideant.
745 1720 821 1798 petis
844 1721 922 1778 enim
948 1719 1036 1779 333333
1060 1739 1096 1780 ex
1119 1721 1249 1798 equestri
1271 1718 1337 1780 3333
1359 1739 1440 1781 3333-

295 1848 375 1890 mum
397 1828 495 1890 3333333
518 1829 651 1898 333333333,
675 1837 763 1908 33333
785 1830 830 1889 ita
847 1847 994 1890 summum
1019 1839 1050 1889 ut
1072 1831 1142 1891 33333
1165 1830 1293 1899 homini,
1317 1831 1439 1899 diserto,

294 1941 446 2000 innocenti
475 1938 567 2000 multo
595 1939 675 1999 idom
703 1937 752 1999 3333
780 1938 875 2000 honos
903 1938 970 2019 plus
997 1938 1200 2017 amplitudinis
1215 1958 1310 2018 -quam
1334 1941 1441 2000 3333333

295 2049 406 2110 afferat.
452 2048 514 2110 3333
536 2056 640 2128 putare
663 2067 714 2109 eoo
737 2051 788 2126 333
810 2057 879 2110 3333
901 2069 935 2110 33
958 2049 1074 2111 3333333
1097 2052 1156 2120 333,
1188 2070 1247 2111 non
1269 2051 1384 2120 videre,
1409 2060 1440 2111 33

295 2178 362 2223 eum
390 2159 469 2221 idem
498 2161 539 2219 sis
567 2159 705 2239 adeptus,
734 2159 804 2239 quid
833 2159 983 2237 dignitatis
1012 2160 1167 2221 habiturus
1195 2163 1244 2222 sis.
1291 2180 1343 2221 eos
1368 2179 1439 2221 vero
1453 2177 1478 2216 15

295 2272 344 2350 333
365 2270 572 2332 3333333333333
594 2270 713 2331 familiis
736 2271 797 2331 nati
819 2269 917 2331 333333
933 2272 1079 2332 maiorum
1102 2273 1255 2332 consecuti
1278 2289 1337 2332 non
1360 2278 1439 2341 sunt,

293 2383 430 2460 suspicor
452 2381 515 2450 tibi,
539 2382 596 2440 nisi
617 2381 694 2459 siqui
716 2380 873 2440 admodum
892 2390 920 2441 33
936 2392 1043 2453 amant
1066 2382 1208 2443 invidere.
1245 2384 1332 2442 etiam
1348 2399 1439 2441 novos

363 2570 426 2616 133
444 2582 535 2631 paene
553 2566 631 2616 nulla
648 2568 760 2647 33333333·
778 2567 856 2618 nullu
874 2584 903 2618 re
923 2585 992 2650 333333
1022 2566 1025 2630 Ι
1053 2571 1070 2618 4
1094 2570 1147 2618 3333
1168 2575 1228 2633 poet
1251 2584 1304 2618 nou
1328 2569 1440 2618 additum

293 2636 319 2684 in
337 2635 361 2683 L
379 2636 428 2684 dne
445 2633 608 2698 transposui!
628 2635 668 2685 5
660 2635 784 2714 insignes
795 2638 887 2687 3333333
902 2634 905 2701 i
922 2635 1021 2700 3333333
1054 2639 1069 2686 ‘t
1088 2635 1271 2702 distringeret
1290 2639 1305 2685 9
1323 2641 1371 2701 pet
1372 2635 1440 2685 icio·

294 2701 355 2768 nisi
375 2706 406 2753 10
424 2704 489 2768 quin
507 2703 662 2752 Lambinus:
681 2705 729 2766 qui

363 2893 376 2939 l
402 2905 486 2954 qnare
510 2888 641 2941 33333333
659 2889 684 2938 J,
705 2891 754 2940 sed
775 2890 828 2939 tibi
852 2890 940 2940 facies
960 2894 993 2941 48
1011 2894 1044 2940 43
1069 2888 1072 2954 Ι
1097 2905 1168 2953 qnae
1192 2890 1247 2940 tibi
1264 2891 1406 2940 naturaL
1434 2889 1437 2954 3

212 3012 215 3017 Q
293 2958 427 3022 2quibus
444 2973 510 3008 usus
530 2973 559 3007 es
578 2973 686 3022 semper
704 2959 727 3007 L
744 2966 852 3021 praeter
867 2962 901 3008 38
920 2957 951 3022 id
970 2974 1030 3008 oum
1049 2974 1095 3011 orn.
1113 2961 1141 3008 V
1154 2962 1163 3008 3
1182 2962 1199 3008 3
1219 2961 1253 3008 38
1271 2961 1305 3008 47
1322 2962 1372 3008 117
1389 2962 1438 3007 127

296 3021 299 3089 i
319 3028 336 3076 ὃ
354 3025 481 3089 quoniam
499 3027 585 3090 igitur
603 3041 674 3090 3333
694 3027 716 3074 L
732 3033 841 3089 praeter
858 3030 892 3075 50
919 3027 922 3089 Ι
946 3030 977 3077 10
1000 3027 1046 3090 333
1070 3033 1098 3075 33
1116 3042 1171 3076 non
1189 3027 1302 3091 dignum
1321 3027 1344 3074 L
1361 3042 1440 3089 pree-

293 3090 721 3157 3335311133333333333333333
740 3097 756 3144 3
776 3096 809 3144 48
827 3097 860 3143 49
880 3097 928 3144 117
947 3098 997 3144 127
1012 3094 1015 3158 t
1031 3094 1111 3144 homo
1125 3095 1344 3159 equestnemn
1353 3093 1440 3144 sertim

293 3163 392 3212 errauit
413 3159 416 3225 3
443 3161 533 3211 locum
551 3176 684 3211 summum
702 3165 711 3211 3
729 3165 777 3209 117
802 3159 805 3225 Ι
831 3164 861 3210 12
885 3160 1000 3229 homini]
1019 3162 1079 3212 uiro
1097 3165 1157 3212 t5d
1178 3162 1181 3226 Ι
1210 3165 1241 3212 13
1259 3161 1307 3212 3333
1325 3160 1439 3211 idemL
1491 3200 1493 3203 .

291 3237 399 3294 praeter
418 3232 453 3279 38
471 3233 504 3279 50
523 3231 572 3278 117
591 3227 594 3293 i
618 3232 649 3279 17
667 3230 792 3293 suspicor
811 3229 862 3278 tibi
881 3247 927 3279 orn.
945 3233 962 3282 3.
981 3228 1030 3294 533
1054 3231 1107 3279 nisi
1126 3231 1172 3294 qui
1191 3232 1214 3280 L
1233 3230 1241 3293 ΙΙ
1250 3230 1374 3279 inuidere
1392 3244 1438 3280 333.

293 3300 356 3348 338
378 3313 433 3347 non
455 3297 580 3347 inuidere
603 3304 744 3348 correctum
766 3299 792 3346 in
814 3296 866 3347 titi
888 3313 942 3346 non
964 3298 1089 3347 inuidere
1107 3301 1166 3347 353

294 3478 393 3546 Quane
402 3484 557 3548 pueritiam
569 3482 711 3537 incideret
721 3487 779 3537 tum
787 3483 853 3549 fere
879 3484 1030 3549 superauit
1039 3499 1086 3548 333
1082 3481 1242 3563 repeterem
1253 3481 1323 3536 33333.
1341 3486 1438 3536 trans·

294 3550 390 3604 decem
402 3565 494 3605 annos
508 3552 577 3605 neti
606 3551 793 3616 interemptus
810 3557 853 3605 333
879 3551 1016 3605 mutando
1039 3553 1126 3616 initur
1147 3552 1189 3605 rie
1206 3549 1295 3604 uerbo
1317 3550 1392 3603 duxi
1408 3553 1440 3603 nt

295 3614 400 3672 0333333
410 3625 477 3684 port
489 3617 586 3673 Sullae
597 3633 637 3672 ex
647 3620 718 3671 Asia
731 3620 853 3673 reditum
878 3618 956 3673 dunc
969 3618 1055 3673 Celdo
1065 3633 1158 3685 poene
1167 3633 1269 3683 parem
1285 3618 1405 3685 fnisse
1394 3633 1439 3671 rn-

293 3635 431 3739 cireiterp
428 3702 536 3740 annum
552 3684 727 3740 DCLXXLI
757 3684 852 3749 Coeiii,
879 3686 1069 3751 telleneretmr

294 3768 351 3808 non
364 3752 447 3808 Caelii
460 3753 565 3808 eatur
553 3771 585 3808 nr
596 3756 718 3808 nummio
731 3756 853 3809 uetustis
922 3759 938 3803 4
961 3754 1080 3821 difficile
1102 3758 1146 3808 est
1165 3754 1286 3808 eredere
1304 3752 1439 3818 Quintum

294 3822 487 3876 nominentur.
878 3827 936 3875 tum
948 3822 1105 3877 insolenter
1118 3822 1240 3877 loentum
1256 3837 1320 3877 esse
1335 3828 1367 3875 nt
1375 3837 1438 3876 enm

337 3895 351 3939 1
370 3888 445 3944 33333
463 3906 494 3944 33
512 3906 598 3957 paene
610 3888 763 3956 superauit]
780 3889 853 3944 Tur·
875 3891 1042 3955 proprietas
1063 3893 1205 3945 sermonis
1230 3890 1374 3944 adieetine
1396 3890 1439 3943 sie

294 3957 365 4012 nebo
393 3959 506 4023 qnod
494 3975 525 4011 tn
555 3974 642 4012 nnrnn
662 3958 853 4037 contundebat
880 3957 989 4012 ruberet
1001 3957 1135 4013 3333333333
1147 3974 1202 4012 333
1205 3965 1379 4035 3333333333
1389 3971 1438 4009 33

293 4024 366 4081 33333
374 4040 461 4092 paene
470 4025 621 4093 superauit
632 4041 695 4092 3333
705 4041 762 4080 non
775 4026 853 4090 3333·
879 4023 948 4080 biles
966 4042 1049 4094 quam
1066 4025 1141 4080 uitiis
1160 4024 1295 4103 insignes,
1312 4039 1348 4078 eo
1364 4039 1438 4078 com·

294 4100 372 4148 33333
407 4108 496 4159 neque
525 4096 600 4148 enim
623 4094 708 4148 nlrter
729 4097 853 4158 possent
880 4095 1012 4148 aresceret
1021 4101 1047 4148 et
1057 4096 1222 4148 3333333333
1239 4106 1361 4159 insignes
1372 4091 1438 4146 3333

292 4163 480 4227 pronuntiari
502 4166 529 4216 et
553 4163 601 4228 qni
620 4162 659 4216 ed
676 4177 759 4215 suom
776 4161 852 4214 ordi·
879 4161 936 4215 loto
949 4160 1037 4216 debes
1046 4175 1185 4215 eoncrnne
1195 4165 1223 4215 et
1231 4167 1314 4215 acute
1323 4160 1438 4214 dretnm

295 4231 381 4283 trium
404 4231 575 4295 interposite
599 4229 714 4296 nirenta
730 4245 853 4283 commu
922 4233 938 4278 3·
956 4233 1023 4287 uno]
1036 4229 1137 4294 3333333
1149 4229 1269 4283 comitiis
1287 4228 1437 4293 manirera
1444 4284 1451 4297 „

295 4298 534 4352 terirententr'em
545 4298 700 4364 monetent
714 4298 854 4351 orationis
880 4297 1123 4360 tormentantur,
1142 4313 1200 4352 non
1217 4295 1439 4375 teneosereben·
1527 4350 1532 4354 ,

294 4371 386 4420 ortem
400 4365 598 4432 scribendique
620 4365 854 4420 consuetudinem
881 4369 929 4419 tur
942 4369 993 4418 333
1004 4365 1122 4429 iudicia,
1136 4362 1439 4438 eissnffraqntorerin

295 4438 424 4488 ueterum
441 4434 578 4489 uidentur
596 4433 671 4498 33333
689 4448 747 4487 ere.
777 4435 856 4498 33333·
881 4449 940 4487 uno
957 4433 1074 4499 quisque
1091 4433 1194 4488 tabella
1211 4448 1281 4499 qnos
1296 4432 1363 4499 fieri
1380 4430 1439 4486 nel-

295 4517 351 4556 non
374 4518 463 4568 paene
486 4503 539 4558 3333
560 4500 641 4569 plane
683 4500 767 4555 333333
791 4516 855 4555 eum
881 4500 939 4554 lent
953 4501 1099 4554 notabant
