3304 5206
293 396 339 460 30
434 383 437 388 ’
649 410 650 413 ’
704 415 825 474 ortum
848 414 1031 462 menemus

296 569 456 647 compilare
479 588 532 649 per
555 571 754 648 turpissimam
777 570 955 648 legationem
978 571 1081 632 meluit
1103 589 1190 648 quam
1214 573 1319 635 adesse
1341 581 1371 634 et
1386 592 1438 653 pn·

261 678 364 759 epulo
387 679 521 740 Romano
544 679 722 760 supplicare.
753 664 835 741 atui?
849 701 928 750 vero,
953 682 993 742 dii
1016 681 1094 752 boni,
1119 701 1177 762 quo
1201 683 1437 761 splendoceestl

295 791 424 867 primum
448 789 601 851 nobilitate
625 790 727 851 eudem
752 790 823 869 [qua
847 791 996 872 Catilina}
1042 811 1112 853 utrm
1137 795 1267 854 melote?
1295 813 1365 855 non.
1394 802 1439 856 set

294 902 409 961 virtute.
455 919 544 979 quem
573 900 611 960 ab
638 903 721 961 rein?
766 902 844 980 qieod
873 904 1017 963 Antonius
1046 902 1181 964 umbram
1211 907 1437 975 sunm-metuit,

295 1010 404 1072 hicne
427 1011 507 1090 leges
530 1012 660 1089 quidem,
684 1021 769 1074 italus
785 1014 816 1072 iu
837 1015 931 1092 petris
947 1021 1086 1092 egestate,
1111 1014 1251 1075 educatus
1273 1017 1303 1076 in
1327 1017 1464 1076 sororis-t

295 1124 414 1201 stupris,
439 1121 650 1182 corroboratus
666 1122 696 1182 iu
713 1123 803 1183 caede
825 1126 942 1193 civium,
966 1126 1050 1184 cuius
1073 1125 1187 1202 primus
1203 1125 1238 1185 ad
1255 1145 1318 1187 rem
1341 1126 1438 1206 publi·

294 1251 358 1292 cem
382 1233 479 1294 aditus
499 1236 646 1308 equitibus
668 1232 701 1292 R.
725 1233 895 1294 occidendis
923 1234 986 1295 luit.
1031 1253 1099 1294 nem
1121 1234 1180 1295 illis
1206 1255 1281 1317 quos
1303 1239 1437 1297 memini·
1464 1288 1467 1293 ⁴
1510 1258 1514 1264 ·

295 1363 359 1409 snus
390 1343 495 1413 Gallis,
531 1345 580 1422 qui
610 1352 672 1403 tum
700 1343 877 1405 Titiniorum
912 1363 945 1405 ac
972 1344 1150 1406 Metellorum
1178 1365 1212 1406 eo
1240 1346 1436 1424 Tanusiorum

28 740 247 819 speciabilem

362 1533 446 1594 3que
460 1530 576 1579 catilina
589 1532 689 1594 expulit
702 1531 838 1579 Lambinus
857 1529 860 1594 Ι
873 1532 889 1579 4
902 1531 1036 1581 Antonius
1050 1532 1199 1581 Comedus:
1212 1534 1319 1583 manius
1334 1531 1337 1595 Ι
1356 1535 1371 1583 b
1386 1548 1438 1582 nee

293 1597 389 1661 leges:
409 1614 455 1648 em.
474 1596 627 1661 Lanibinusl
651 1600 665 1647 7
685 1599 713 1646 in
732 1598 869 1663 equitibus
888 1600 1008 1648 comunis
1025 1599 1065 1648 L:
1086 1616 1113 1647 ·1··
1134 1597 1138 1664 Ι
1158 1603 1174 1651 8
1192 1600 1356 1650 Manlianum
1374 1605 1438 1651 scri-

245 1715 248 1720 ,
291 1682 349 1729 psi:
368 1682 527 1716 mannornm
1093 1678 1097 1686 “

363 1838 378 1884 2
402 1851 455 1899 quo
473 1836 513 1884 dii
530 1835 596 1886 boni
614 1836 759 1901 splendore
778 1840 787 1885 l
805 1840 822 1886 3
846 1834 882 1900 Ι3
905 1841 1042 1887 malueram
1063 1838 1208 1887 nobilitate
1229 1853 1284 1889 non
1300 1839 1404 1888 maiore
1434 1838 1436 1901 i

294 1907 309 1954 5
327 1904 400 1954 hune
419 1902 482 1967 (hoe
496 1906 530 1952 36
543 1907 588 1965 38)
607 1904 733 1970 negliges
747 1904 854 1968 quidem
868 1906 891 1953 L
902 1912 1010 1968 praeter
1022 1908 1063 1965 50,
1080 1908 1171 1956 deiude
1189 1911 1285 1955 natum
1300 1914 1325 1956 et
1339 1907 1439 1956 eduee-

294 1979 350 2020 tum
365 1979 391 2022 et
406 1972 610 2022 corroboratum
622 1974 680 2035 sere
692 1975 772 2022 eidem
788 1970 791 2036 Ι
807 1975 823 2023 8
835 1973 1004 2023 Nanniorum
1017 1977 1026 2022 l
1038 1977 1071 2024 48
1081 1977 1114 2022 49
1126 1974 1296 2024 Vatiniorum
1308 1977 1317 2024 l
1323 1977 1439 2040 plerique
1472 2028 1483 2039 ,

295 2147 349 2194 tem
362 2147 445 2194 trans
460 2138 620 2194 Caucasum
633 2139 743 2205 pepulit
754 2140 854 2195 Asiae·
881 2158 943 2196 mus
950 2163 959 2195 :
973 2143 1101 2209 forsitan
1114 2145 1206 2196 maior
1219 2143 1354 2198 uideatur
1366 2143 1441 2209 quod

294 2223 347 2274 aue
358 2207 443 2262 rebus
453 2210 615 2273 compostus
628 2206 778 2272 inSpriam
788 2225 854 2263 cou-
883 2208 1004 2263 Catilina
1013 2212 1157 2275 patricius
1174 2218 1217 2265 est
1233 2217 1342 2277 epente
1357 2210 1439 2265 Troi-

295 2276 397 2336 tendit,
439 2293 515 2329 anno
557 2275 770 2330 DCLXXXIX
808 2277 855 2331 uel
881 2294 948 2341 ana,
963 2280 1104 2332 Antonius
1113 2279 1252 2344 plebeius,
1268 2293 1368 2332 uerum
1381 2295 1439 2333 non

295 2342 493 2398 DCLXXXX
515 2347 665 2398 restitutus
689 2350 733 2398 est
757 2347 786 2398 in
808 2360 852 2398 re·
880 2352 923 2398 est
946 2348 1037 2399 maior
1061 2347 1135 2411 praed
1152 2345 1291 2400 Catilinae
1315 2349 1439 2401 maiores

294 2428 381 2477 pnurn
409 2415 492 2466 cicius
518 2413 592 2477 fines
621 2414 705 2466 etiam
734 2413 853 2466 adiectis
881 2413 1441 2478 nonultrapraeturaebonaremeuecti

296 2479 441 2534 nonnullis
459 2479 623 2534 ciuitatibus
645 2480 759 2534 dilatati
776 2485 852 2534 sunt.
880 2487 961 2543 sunt,
978 2482 1084 2537 Antoni
1097 2487 1182 2547 pater
1199 2488 1299 2535 orator
1310 2482 1369 2549 fuit
1380 2483 1438 2537 cla-

295 2548 369 2602 idem
386 2555 444 2602 turn
460 2550 490 2601 in
514 2554 666 2613 conspectu
683 2547 800 2614 Pompei
823 2564 854 2601 se
881 2551 1015 2603 rissimus
1027 2552 1103 2603 iuter
1115 2551 1262 2615 principes
1274 2551 1407 2605 ciuitatis.

296 2616 440 2670 abdicauit
457 2631 545 2680 repno
560 2616 602 2682 fili
622 2617 717 2680 pratia
735 2617 854 2681 (Appiu-
922 2623 938 2667 5
957 2616 1062 2671 sororis
1076 2617 1180 2684 stupris
1193 2633 1265 2685 qnae
1277 2616 1380 2684 Serpia
1391 2618 1435 2685 fe-

193 2682 198 2689 ‘
296 2682 546 2746 noemenias,
577 2683 670 2737 Valer.
694 2681 775 2738 Marc.
800 2683 854 2737 V?
880 2685 1084 2745 eitcumaliis,
1103 2700 1169 2738 narn
1187 2685 1336 2740 Catilinam
1355 2689 1440 2740 etiam

295 2757 353 2806 eret.
370 2752 409 2817 2).
440 2752 541 2817 quodsi
561 2753 751 2804 recordamur
770 2768 854 2816 quam
880 2754 993 2807 sororio
1011 2759 1112 2817 stupro
1129 2752 1265 2817 pollutum
1278 2768 1342 2808 csse
1354 2757 1396 2808 sic
1410 2761 1440 2809 ul

296 2826 322 2873 et
339 2819 428 2886 facile
442 2827 472 2874 et
488 2819 619 2873 lubenter
635 2826 786 2874 senatores
804 2834 853 2872 no·
882 2818 1010 2874 Clodium
1028 2835 1063 2873 ne
1080 2818 1200 2874 Marcus
1222 2822 1333 2887 quidem
1349 2823 1438 2889 sinpe-

295 2887 365 2942 biles
377 2889 551 2953 sumpserint
568 2889 630 2941 eius
647 2887 723 2941 modi
739 2887 854 2952 leporio·
880 2887 935 2941 bat.
978 2888 1135 2954 ambipuam
1165 2887 1264 2954 Quinti
1290 2889 1439 2944 dictionem
1531 2954 1534 2959 ⁴

296 2970 356 3015 nes.
370 2954 448 3010 uelut
459 2954 493 3008 P.
505 2954 621 3009 Clodius
634 2971 710 3008 uitreo
722 2953 827 3009 DCXC
832 2954 857 3008 V
879 2955 1070 3010 Drumannus
1088 2956 1274 3021 reprehendit
1289 2957 1354 3012 bist.
1364 2975 1438 3012 rom.

296 3024 335 3077 ad
349 3022 501 3088 Tipranem
519 3021 854 3088 etallClCadBropi-
887 3023 1107 3088 Vpssrnes.
1291 3050 1294 3053 -

296 3098 392 3145 tarum
404 3088 533 3144 Galatiae
544 3090 672 3155 repulum
684 3090 801 3144 liberam
813 3091 853 3145 le-
923 3096 939 3140 8
957 3090 1117 3145 Manlianum
1127 3108 1270 3157 proxume
1283 3094 1323 3147 ad
1333 3093 1439 3148 codicis

295 3161 436 3224 petionem
449 3160 600 3212 meditatus
612 3173 675 3212 esse
684 3158 791 3224 fertur,
803 3175 853 3224 po-
883 3159 1047 3213 Germaniei
1063 3160 1175 3214 litteras
1198 3161 1335 3216 accedere
1360 3163 1437 3215 uide·

297 3229 386 3281 tuisse
415 3227 568 3279 Antonium
596 3227 783 3280 concredemus
807 3227 855 3278 illo
881 3233 936 3280 tur.
970 3227 1134 3281 laoniarum
1152 3234 1201 3282 aid
1217 3227 1371 3283 [leucorum
1388 3236 1440 3283 out

297 3302 421 3360 tempore
444 3297 568 3359 lepatum
591 3297 621 3346 in
647 3292 855 3359 Cappadociam
880 3293 1047 3348 Nanniorum
1057 3295 1124 3347 libri
1132 3295 1372 3361 ataponarstnto
1382 3297 1439 3350 eol-

296 3363 442 3429 profieisci
453 3378 485 3416 eo
499 3362 610 3416 nomine
628 3368 658 3415 ut
670 3362 854 3416 instaurandi
881 3363 941 3424 lati,
955 3377 1098 3416 naulorum
1110 3362 1267 3427 Parisinus
1279 3370 1306 3417 et
1318 3363 1438 3419 Leiden-

297 3430 525 3484 constituendiuc
543 3445 632 3484 curas
651 3432 733 3495 repni
755 3444 855 3496 capes·
882 3432 931 3484 sis.
961 3429 1111 3483 Manutius
1128 3431 1157 3483 in
1176 3429 1322 3485 Ciceronis
1339 3433 1378 3485 nd
1388 3433 1438 3486 At·
1524 3457 1525 3460 ¹

297 3504 383 3560 seret,
402 3512 435 3552 eo
452 3496 571 3555 consilia
588 3497 643 3551 sibi
659 3504 689 3551 ut
704 3499 856 3563 pecuniam
882 3500 968 3552 ticum
989 3497 1111 3562 epistula
1133 3496 1153 3551 I
1167 3501 1246 3559 tue
1270 3496 1382 3554 Caluum
1407 3517 1439 3554 ex

297 3566 449 3633 eolliperet.
477 3582 561 3632 qnam
581 3566 747 3632 lepationem
766 3568 793 3621 si
815 3567 856 3619 ita
882 3564 1042 3619 Nanneianis
1059 3562 1137 3618 illum
1157 3564 1293 3620 Crassum
1312 3568 1438 3633 appella·

298 3636 433 3699 suscepit,
446 3650 478 3689 eo
489 3636 646 3700 turpiorem
655 3634 799 3700 plerisque
813 3636 855 3687 ui·
883 3640 941 3688 tum
964 3647 1028 3687 esse
1045 3633 1116 3686 ideo
1130 3634 1344 3700 suspicabatur,
1366 3636 1440 3701 quod

298 3719 360 3755 sum
369 3717 432 3757 esse
441 3708 663 3757 consentaneum
673 3708 724 3763 est,
736 3718 789 3767 pua
799 3718 856 3754 ma·
880 3706 1111 3766 proscriptorum
1122 3718 1140 3754 a
1150 3699 1230 3756 Sulla
1239 3704 1439 3768 equitumopes

299 3772 342 3835 pis
373 3769 566 3836 Cappadocem
587 3769 750 3823 constabat
778 3771 857 3823 aeris
883 3769 936 3823 sibi
957 3774 1187 3834 comparauerut.
1215 3768 1330 3825 Manuli
1352 3772 1439 3836 icitur
1452 3820 1463 3849 e

298 3853 390 3904 caere.
882 3837 987 3891 iudicio
998 3837 1072 3891 idem
1085 3838 1232 3903 utrobique
1242 3852 1342 3893 nomen
1355 3841 1438 3893 resti-

342 3910 359 3956 3
378 3922 442 3960 num
456 3906 559 3960 maiore
578 3904 624 3959 re?
641 3903 793 3958 Palermus
810 3904 856 3958 ob·
883 3903 1018 3959 tuendum
1029 3910 1102 3967 erut,
1115 3905 1437 3961 utNenniisiuocaban-

298 3976 425 4038 scurias,
438 3989 502 4028 cum
515 3989 574 4031 rem
586 3972 760 4039 familiarem
773 3972 856 4026 uellet
883 3979 943 4033 tur,
960 3974 991 4025 ia
1008 3973 1130 4037 epistula
1146 3972 1197 4026 illa
1214 3973 1390 4028 scriberetur
1407 3991 1438 4028 es

298 4042 438 4109 inlellepi.v
448 4045 476 4096 si
486 4043 613 4108 quaeris,
624 4048 744 4106 praeter
757 4040 855 4094 nobili·
881 4039 1036 4094 Nonniunis.
1066 4042 1118 4095 sed
1129 4055 1163 4095 ea
1175 4044 1351 4106 capnomenti
1361 4044 1438 4097 iocur-

299 4115 383 4164 talem
406 4118 433 4165 et
457 4111 591 4164 uirtutem
614 4109 682 4175 perid
703 4108 856 4174 plurimum
881 4108 954 4162 laris
966 4109 1163 4174 interpretatio
1180 4125 1243 4162 cum
1261 4115 1439 4165 nonlantum

296 4180 441 4244 profuerit
453 4177 607 4232 candidato
620 4177 658 4231 ad
666 4176 856 4242 splendorem,
882 4178 994 4229 incerta
1011 4178 1048 4230 sit
1071 4191 1172 4231 uerum
1192 4179 1277 4232 etiam
1293 4194 1356 4232 cum
1378 4193 1438 4232 ser·

299 4245 458 4312 respondeo
483 4243 605 4310 gratiam.
647 4259 736 4311 neque
762 4250 857 4297 tamen
882 4259 963 4298 mone
973 4243 1169 4308 latinoparum
1179 4252 1319 4312 conpruat
1327 4246 1439 4311 (nempe

299 4329 371 4380 puae
388 4313 472 4367 bodie
489 4313 857 4379 lepiturinterropationem
882 4327 898 4366 e
921 4310 1149 4366 Maecenalinnis
1173 4328 1229 4367 non
1253 4314 1359 4368 dicitur
1382 4315 1440 4368 nisi

299 4381 497 4448 imperfectam
513 4386 564 4434 aut
580 4380 707 4434 inutilem
724 4395 788 4434 esse
808 4397 855 4432 ar·
883 4381 931 4444 piei
954 4380 1015 4444 ipse
1038 4378 1096 4445 fuit
1119 4382 1150 4433 in
1172 4380 1285 4447 familia
1302 4383 1439 4435 amiciens

300 4449 404 4519 bitror,
427 4449 508 4504 modo
525 4449 645 4503 barcaei
661 4450 717 4503 uim
735 4447 857 4503 subicia-
883 4446 1072 4514 Maecenatis)
1085 4447 1162 4502 nullo
1172 4450 1239 4503 usui
1247 4455 1290 4504 est
1299 4450 1338 4503 ad
1346 4465 1437 4507 emen·
