<?xml version="1.0" encoding="UTF-8"?>
<!DOCTYPE html PUBLIC "-//W3C//DTD XHTML 1.0 Transitional//EN"
    "http://www.w3.org/TR/xhtml1/DTD/xhtml1-transitional.dtd">
<html xmlns="http://www.w3.org/1999/xhtml" xml:lang="en" lang="en">
 <head>
  <title>
</title>
<meta http-equiv="Content-Type" content="text/html;charset=utf-8" />
  <meta name='ocr-system' content='tesseract 3.04.00' />
  <meta name='ocr-capabilities' content='ocr_page ocr_carea ocr_par ocr_line ocrx_word'/>
</head>
<body>
  <div class='ocr_page' id='page_1' title='image "./quinticiceronis01buecgoog_0061.png"; bbox 0 0 3304 5206; ppageno 0'>
   <div class='ocr_carea' id='block_1_1' title="bbox 279 423 1017 500">
    <p class='ocr_par' dir='ltr' id='par_1_1' title="bbox 279 423 1017 500">
     <span class='ocr_line' id='line_1_1' title="bbox 279 423 1017 500; baseline -0.003 -13"><span class='ocrx_word' id='word_1_1' title='bbox 279 423 322 487; x_wconf 79' lang='lat'>54</span> <span class='ocrx_word' id='word_1_2' title='bbox 688 439 809 500; x_wconf 74' lang='lat' dir='ltr'>orrum</span> <span class='ocrx_word' id='word_1_3' title='bbox 833 437 1017 487; x_wconf 81' lang='lat' dir='ltr'>ercnnours</span> 
     </span>
    </p>
   </div>
   <div class='ocr_carea' id='block_1_2' title="bbox 229 594 1464 1999">
    <p class='ocr_par' dir='ltr' id='par_1_2' title="bbox 229 594 1464 1669">
     <span class='ocr_line' id='line_1_2' title="bbox 229 594 1423 676; baseline 0.003 -23"><span class='ocrx_word' id='word_1_4' title='bbox 229 605 263 653; x_wconf 84' lang='grc'>44</span> <span class='ocrx_word' id='word_1_5' title='bbox 281 615 315 656; x_wconf 84' lang='lat' dir='ltr'>oc</span> <span class='ocrx_word' id='word_1_6' title='bbox 338 595 496 675; x_wconf 81' lang='lat' dir='ltr'><strong>diligenter</strong></span> <span class='ocrx_word' id='word_1_7' title='bbox 519 604 662 675; x_wconf 85' lang='lat' dir='ltr'>rogatum.</span> <span class='ocrx_word' id='word_1_8' title='bbox 709 596 881 674; x_wconf 82' lang='lat' dir='ltr'>Benignites</span> <span class='ocrx_word' id='word_1_9' title='bbox 896 604 992 657; x_wconf 83' lang='lat' dir='ltr'>autem</span> <span class='ocrx_word' id='word_1_10' title='bbox 1010 595 1068 656; x_wconf 85' lang='lat' dir='ltr'>late</span> <span class='ocrx_word' id='word_1_11' title='bbox 1088 603 1183 676; x_wconf 84' lang='lat' dir='ltr'>potet:</span> <span class='ocrx_word' id='word_1_12' title='bbox 1208 594 1267 676; x_wconf 90' lang='lat' dir='ltr'>[et]</span> <span class='ocrx_word' id='word_1_13' title='bbox 1285 604 1329 656; x_wconf 92' lang='grc' dir='ltr'>εει</span> <span class='ocrx_word' id='word_1_14' title='bbox 1344 598 1375 657; x_wconf 91' lang='lat' dir='ltr'>in</span> <span class='ocrx_word' id='word_1_15' title='bbox 1390 616 1423 657; x_wconf 91' lang='lat' dir='ltr'>re</span> 
     </span>
     <span class='ocr_line' id='line_1_3' title="bbox 280 705 1421 786; baseline 0.003 -21"><span class='ocrx_word' id='word_1_16' title='bbox 280 706 426 776; x_wconf 79' lang='lat' dir='ltr'><strong>familiari,</strong></span> <span class='ocrx_word' id='word_1_17' title='bbox 451 724 527 784; x_wconf 83' lang='lat' dir='ltr'>quoe</span> <span class='ocrx_word' id='word_1_18' title='bbox 550 722 727 785; x_wconf 83' lang='lat' dir='ltr'>quemquem</span> <span class='ocrx_word' id='word_1_19' title='bbox 750 706 787 767; x_wconf 81' lang='lat' dir='ltr'>ed</span> <span class='ocrx_word' id='word_1_20' title='bbox 809 705 1029 768; x_wconf 82' lang='lat' dir='ltr'><strong>multitudinem</strong></span> <span class='ocrx_word' id='word_1_21' title='bbox 1052 708 1208 784; x_wconf 83' lang='lat' dir='ltr'>pervenire</span> <span class='ocrx_word' id='word_1_22' title='bbox 1232 724 1291 767; x_wconf 92' lang='lat' dir='ltr'>non</span> <span class='ocrx_word' id='word_1_23' title='bbox 1313 713 1421 786; x_wconf 84' lang='lat' dir='ltr'>potest,</span> 
     </span>
     <span class='ocr_line' id='line_1_4' title="bbox 280 815 1425 895; baseline 0.001 -19"><span class='ocrx_word' id='word_1_24' title='bbox 280 825 379 878; x_wconf 82' lang='lat' dir='ltr'>tamen</span> <span class='ocrx_word' id='word_1_25' title='bbox 403 816 439 895; x_wconf 80' lang='lat' dir='ltr'>ab</span> <span class='ocrx_word' id='word_1_26' title='bbox 463 817 565 877; x_wconf 84' lang='lat' dir='ltr'>amicis</span> <span class='ocrx_word' id='word_1_27' title='bbox 587 815 732 887; x_wconf 78' lang='lat' dir='ltr'>laudatur,</span> <span class='ocrx_word' id='word_1_28' title='bbox 756 815 936 877; x_wconf 71' lang='lat' dir='ltr'>multitudini</span> <span class='ocrx_word' id='word_1_29' title='bbox 959 824 1041 895; x_wconf 80' lang='lat' dir='ltr'>grata</span> <span class='ocrx_word' id='word_1_30' title='bbox 1066 824 1118 876; x_wconf 92' lang='grc' dir='ltr'><strong>εει.</strong></span> <span class='ocrx_word' id='word_1_31' title='bbox 1164 818 1261 876; x_wconf 88' lang='lat' dir='ltr'>estin</span> <span class='ocrx_word' id='word_1_32' title='bbox 1284 819 1425 878; x_wconf 90' lang='lat' dir='ltr'>conviviis</span> 
     </span>
     <span class='ocr_line' id='line_1_5' title="bbox 281 924 1423 1007; baseline 0 -19"><span class='ocrx_word' id='word_1_33' title='bbox 281 943 356 1004; x_wconf 81' lang='lat' dir='ltr'>quae</span> <span class='ocrx_word' id='word_1_34' title='bbox 378 926 424 987; x_wconf 86' lang='lat' dir='ltr'>loc</span> <span class='ocrx_word' id='word_1_35' title='bbox 447 934 479 988; x_wconf 87' lang='lat' dir='ltr'>ut</span> <span class='ocrx_word' id='word_1_36' title='bbox 502 934 531 986; x_wconf 91' lang='grc' dir='ltr'>ει</span> <span class='ocrx_word' id='word_1_37' title='bbox 554 925 637 987; x_wconf 85' lang='lat' dir='ltr'>abste</span> <span class='ocrx_word' id='word_1_38' title='bbox 660 936 689 987; x_wconf 89' lang='lat' dir='ltr'>et</span> <span class='ocrx_word' id='word_1_39' title='bbox 716 926 753 987; x_wconf 82' lang='lat' dir='ltr'>ab</span> <span class='ocrx_word' id='word_1_40' title='bbox 783 925 886 988; x_wconf 86' lang='lat' dir='ltr'>amieis</span> <span class='ocrx_word' id='word_1_41' title='bbox 913 929 970 987; x_wconf 90' lang='lat' dir='ltr'>tuis</span> <span class='ocrx_word' id='word_1_42' title='bbox 993 924 1241 988; x_wconf 82' lang='lat' dir='ltr'>concelebrentur</span> <span class='ocrx_word' id='word_1_43' title='bbox 1263 934 1293 986; x_wconf 91' lang='lat' dir='ltr'>et</span> <span class='ocrx_word' id='word_1_44' title='bbox 1314 930 1423 1007; x_wconf 81' lang='lat' dir='ltr'>possim</span> 
     </span>
     <span class='ocr_line' id='line_1_6' title="bbox 282 1035 1450 1117; baseline 0.001 -21"><span class='ocrx_word' id='word_1_45' title='bbox 282 1043 311 1096; x_wconf 90' lang='grc' dir='ltr'>ει</span> <span class='ocrx_word' id='word_1_46' title='bbox 333 1036 476 1097; x_wconf 90' lang='lat' dir='ltr'>tributim.</span> <span class='ocrx_word' id='word_1_47' title='bbox 522 1044 566 1097; x_wconf 90' lang='grc' dir='ltr'>εει</span> <span class='ocrx_word' id='word_1_48' title='bbox 594 1038 681 1098; x_wconf 86' lang='lat' dir='ltr'>etiam</span> <span class='ocrx_word' id='word_1_49' title='bbox 710 1040 741 1098; x_wconf 94' lang='lat' dir='ltr'>in</span> <span class='ocrx_word' id='word_1_50' title='bbox 769 1056 860 1117; x_wconf 85' lang='lat' dir='ltr'>opera</span> <span class='ocrx_word' id='word_1_51' title='bbox 888 1056 975 1117; x_wconf 82' lang='lat' dir='ltr'>quam</span> <span class='ocrx_word' id='word_1_52' title='bbox 1004 1035 1146 1116; x_wconf 80' lang='lat' dir='ltr'>pervulga</span> <span class='ocrx_word' id='word_1_53' title='bbox 1175 1045 1204 1097; x_wconf 89' lang='lat' dir='ltr'>et</span> <span class='ocrx_word' id='word_1_54' title='bbox 1227 1040 1450 1108; x_wconf 70' lang='lat' dir='ltr'>communione</span> 
     </span>
     <span class='ocr_line' id='line_1_7' title="bbox 281 1145 1423 1227; baseline 0.002 -20"><span class='ocrx_word' id='word_1_55' title='bbox 281 1165 410 1225; x_wconf 82' lang='lat' dir='ltr'>curaque</span> <span class='ocrx_word' id='word_1_56' title='bbox 433 1155 465 1208; x_wconf 91' lang='lat' dir='ltr'>ut</span> <span class='ocrx_word' id='word_1_57' title='bbox 488 1145 584 1208; x_wconf 82' lang='lat' dir='ltr'>aditus</span> <span class='ocrx_word' id='word_1_58' title='bbox 606 1147 642 1207; x_wconf 81' lang='lat' dir='ltr'>nd</span> <span class='ocrx_word' id='word_1_59' title='bbox 666 1157 694 1209; x_wconf 88' lang='lat' dir='ltr'>te</span> <span class='ocrx_word' id='word_1_60' title='bbox 716 1148 816 1209; x_wconf 92' lang='lat' dir='ltr'>diurni</span> <span class='ocrx_word' id='word_1_61' title='bbox 839 1149 1039 1227; x_wconf 83' lang='lat' dir='ltr'>nocturnique</span> <span class='ocrx_word' id='word_1_62' title='bbox 1062 1153 1189 1225; x_wconf 81' lang='lat' dir='ltr'>pateant,</span> <span class='ocrx_word' id='word_1_63' title='bbox 1215 1164 1312 1224; x_wconf 90' lang='lat' dir='ltr'>neque</span> <span class='ocrx_word' id='word_1_64' title='bbox 1328 1148 1423 1209; x_wconf 88' lang='lat' dir='ltr'>solum</span> 
     </span>
     <span class='ocr_line' id='line_1_8' title="bbox 281 1256 1425 1337; baseline 0.003 -21"><span class='ocrx_word' id='word_1_65' title='bbox 281 1257 394 1317; x_wconf 85' lang='lat' dir='ltr'>loribus</span> <span class='ocrx_word' id='word_1_66' title='bbox 416 1256 532 1318; x_wconf 84' lang='lat' dir='ltr'>aedium</span> <span class='ocrx_word' id='word_1_67' title='bbox 555 1267 672 1319; x_wconf 84' lang='lat' dir='ltr'>tuarum</span> <span class='ocrx_word' id='word_1_68' title='bbox 696 1266 742 1320; x_wconf 89' lang='lat' dir='ltr'>set</span> <span class='ocrx_word' id='word_1_69' title='bbox 764 1260 850 1319; x_wconf 82' lang='lat' dir='ltr'>etiem</span> <span class='ocrx_word' id='word_1_70' title='bbox 875 1256 956 1319; x_wconf 88' lang='lat' dir='ltr'>vultu</span> <span class='ocrx_word' id='word_1_71' title='bbox 979 1276 1013 1318; x_wconf 85' lang='lat' dir='ltr'>oc</span> <span class='ocrx_word' id='word_1_72' title='bbox 1036 1258 1144 1329; x_wconf 86' lang='lat' dir='ltr'>lronte,</span> <span class='ocrx_word' id='word_1_73' title='bbox 1168 1275 1243 1337; x_wconf 83' lang='lat' dir='ltr'>quae</span> <span class='ocrx_word' id='word_1_74' title='bbox 1267 1265 1313 1318; x_wconf 93' lang='lat' dir='ltr'>est</span> <span class='ocrx_word' id='word_1_75' title='bbox 1334 1261 1425 1320; x_wconf 82' lang='lat' dir='ltr'>enimi</span> 
     </span>
     <span class='ocr_line' id='line_1_9' title="bbox 281 1368 1423 1447; baseline 0.002 -21"><span class='ocrx_word' id='word_1_76' title='bbox 281 1368 383 1435; x_wconf 79' lang='lat' dir='ltr'>ianua,</span> <span class='ocrx_word' id='word_1_77' title='bbox 414 1383 491 1443; x_wconf 82' lang='lat' dir='ltr'>quoe</span> <span class='ocrx_word' id='word_1_78' title='bbox 517 1371 545 1428; x_wconf 82' lang='lat' dir='ltr'>st</span> <span class='ocrx_word' id='word_1_79' title='bbox 571 1369 716 1447; x_wconf 80' lang='lat' dir='ltr'>signifieat</span> <span class='ocrx_word' id='word_1_80' title='bbox 743 1369 924 1430; x_wconf 80' lang='lat' dir='ltr'>voluntatem</span> <span class='ocrx_word' id='word_1_81' title='bbox 952 1368 1081 1430; x_wconf 81' lang='lat' dir='ltr'>obditam</span> <span class='ocrx_word' id='word_1_82' title='bbox 1111 1386 1176 1429; x_wconf 87' lang='lat' dir='ltr'>esse</span> <span class='ocrx_word' id='word_1_83' title='bbox 1204 1386 1239 1428; x_wconf 85' lang='lat' dir='ltr'>ac</span> <span class='ocrx_word' id='word_1_84' title='bbox 1266 1378 1423 1439; x_wconf 80' lang='lat' dir='ltr'>retrusam,</span> 
     </span>
     <span class='ocr_line' id='line_1_10' title="bbox 280 1477 1425 1557; baseline 0.002 -21"><span class='ocrx_word' id='word_1_85' title='bbox 280 1478 363 1557; x_wconf 83' lang='lat' dir='ltr'>parvi</span> <span class='ocrx_word' id='word_1_86' title='bbox 391 1477 484 1538; x_wconf 78' lang='lat' dir='ltr'>refert</span> <span class='ocrx_word' id='word_1_87' title='bbox 512 1485 615 1557; x_wconf 83' lang='lat' dir='ltr'>patere</span> <span class='ocrx_word' id='word_1_88' title='bbox 644 1480 760 1539; x_wconf 87' lang='lat' dir='ltr'>ostium.</span> <span class='ocrx_word' id='word_1_89' title='bbox 811 1477 945 1539; x_wconf 90' lang='lat' dir='ltr'>homines</span> <span class='ocrx_word' id='word_1_90' title='bbox 979 1480 1056 1539; x_wconf 89' lang='lat' dir='ltr'>enim</span> <span class='ocrx_word' id='word_1_91' title='bbox 1087 1496 1147 1539; x_wconf 93' lang='lat' dir='ltr'>non</span> <span class='ocrx_word' id='word_1_92' title='bbox 1176 1477 1264 1538; x_wconf 91' lang='lat' dir='ltr'>modo</span> <span class='ocrx_word' id='word_1_93' title='bbox 1292 1479 1425 1557; x_wconf 85' lang='lat' dir='ltr'>promitti</span> 
     </span>
     <span class='ocr_line' id='line_1_11' title="bbox 280 1586 1464 1669; baseline 0 -23"><span class='ocrx_word' id='word_1_94' title='bbox 280 1586 346 1661; x_wconf 83' lang='lat' dir='ltr'>sibi,</span> <span class='ocrx_word' id='word_1_95' title='bbox 368 1589 545 1666; x_wconf 82' lang='lat' dir='ltr'>praesertim</span> <span class='ocrx_word' id='word_1_96' title='bbox 567 1587 645 1668; x_wconf 86' lang='lat' dir='ltr'>quod</span> <span class='ocrx_word' id='word_1_97' title='bbox 675 1588 871 1649; x_wconf 84' lang='lat' dir='ltr'>acandidoto</span> <span class='ocrx_word' id='word_1_98' title='bbox 893 1596 1009 1669; x_wconf 83' lang='lat' dir='ltr'>petant,</span> <span class='ocrx_word' id='word_1_99' title='bbox 1038 1595 1082 1649; x_wconf 92' lang='grc' dir='ltr'>εει</span> <span class='ocrx_word' id='word_1_100' title='bbox 1110 1590 1197 1648; x_wconf 84' lang='lat' dir='ltr'>etiam</span> <span class='ocrx_word' id='word_1_101' title='bbox 1226 1587 1308 1666; x_wconf 83' lang='lat' dir='ltr'>large</span> <span class='ocrx_word' id='word_1_102' title='bbox 1336 1597 1464 1667; x_wconf 82' lang='lat' dir='ltr'>atquem</span> 
     </span>
    </p>

    <p class='ocr_par' dir='ltr' id='par_1_3' title="bbox 229 1696 1424 1999">
     <span class='ocr_line' id='line_1_12' title="bbox 229 1696 1424 1779; baseline 0.002 -23"><span class='ocrx_word' id='word_1_103' title='bbox 229 1700 263 1748; x_wconf 78' lang='lat'>45</span> <span class='ocrx_word' id='word_1_104' title='bbox 281 1697 445 1759; x_wconf 86' lang='lat' dir='ltr'>honorilice</span> <span class='ocrx_word' id='word_1_105' title='bbox 467 1699 598 1776; x_wconf 88' lang='lat' dir='ltr'>promitti</span> <span class='ocrx_word' id='word_1_106' title='bbox 623 1696 733 1761; x_wconf 87' lang='lat' dir='ltr'>volunt.</span> <span class='ocrx_word' id='word_1_107' title='bbox 779 1716 835 1776; x_wconf 82' lang='lat' dir='ltr'>quo</span> <span class='ocrx_word' id='word_1_108' title='bbox 858 1717 890 1760; x_wconf 90' lang='lat' dir='ltr'>re</span> <span class='ocrx_word' id='word_1_109' title='bbox 914 1699 971 1760; x_wconf 90' lang='lat' dir='ltr'>hoe</span> <span class='ocrx_word' id='word_1_110' title='bbox 993 1698 1112 1779; x_wconf 92' lang='lat' dir='ltr'>quidem</span> <span class='ocrx_word' id='word_1_111' title='bbox 1129 1698 1216 1759; x_wconf 83' lang='lat' dir='ltr'>lacilc</span> <span class='ocrx_word' id='word_1_112' title='bbox 1231 1707 1424 1778; x_wconf 78' lang='lat' dir='ltr'>praeceptum</span> 
     </span>
     <span class='ocr_line' id='line_1_13' title="bbox 281 1807 1424 1888; baseline 0.002 -21"><span class='ocrx_word' id='word_1_113' title='bbox 281 1814 334 1876; x_wconf 91' lang='lat' dir='ltr'>est,</span> <span class='ocrx_word' id='word_1_114' title='bbox 358 1816 391 1867; x_wconf 89' lang='lat' dir='ltr'>ut</span> <span class='ocrx_word' id='word_1_115' title='bbox 414 1807 493 1888; x_wconf 92' lang='lat' dir='ltr'>quod</span> <span class='ocrx_word' id='word_1_116' title='bbox 516 1809 647 1869; x_wconf 82' lang='lat' dir='ltr'>lecturus</span> <span class='ocrx_word' id='word_1_117' title='bbox 669 1811 719 1879; x_wconf 86' lang='lat' dir='ltr'>sis,</span> <span class='ocrx_word' id='word_1_118' title='bbox 743 1808 772 1869; x_wconf 93' lang='lat' dir='ltr'>id</span> <span class='ocrx_word' id='word_1_119' title='bbox 796 1809 943 1887; x_wconf 82' lang='lat' dir='ltr'>significes</span> <span class='ocrx_word' id='word_1_120' title='bbox 967 1818 995 1870; x_wconf 93' lang='lat' dir='ltr'>te</span> <span class='ocrx_word' id='word_1_121' title='bbox 1011 1808 1143 1869; x_wconf 86' lang='lat' dir='ltr'>studiose</span> <span class='ocrx_word' id='word_1_122' title='bbox 1165 1827 1199 1869; x_wconf 85' lang='lat' dir='ltr'>ec</span> <span class='ocrx_word' id='word_1_123' title='bbox 1214 1807 1343 1869; x_wconf 87' lang='lat' dir='ltr'>libenter</span> <span class='ocrx_word' id='word_1_124' title='bbox 1359 1827 1424 1869; x_wconf 86' lang='lat' dir='ltr'>esse</span> 
     </span>
     <span class='ocr_line' id='line_1_14' title="bbox 281 1916 1423 1999; baseline 0.002 -23"><span class='ocrx_word' id='word_1_125' title='bbox 281 1917 446 1986; x_wconf 80' lang='lat' dir='ltr'>iacturum3</span> <span class='ocrx_word' id='word_1_126' title='bbox 473 1916 547 1979; x_wconf 90' lang='lat' dir='ltr'>illud</span> <span class='ocrx_word' id='word_1_127' title='bbox 569 1917 717 1979; x_wconf 83' lang='lat' dir='ltr'>difficilius</span> <span class='ocrx_word' id='word_1_128' title='bbox 745 1928 775 1980; x_wconf 92' lang='grc' dir='ltr'>ει</span> <span class='ocrx_word' id='word_1_129' title='bbox 797 1921 891 1997; x_wconf 79' lang='lat' dir='ltr'>magis</span> <span class='ocrx_word' id='word_1_130' title='bbox 919 1919 955 1981; x_wconf 84' lang='lat' dir='ltr'>ad</span> <span class='ocrx_word' id='word_1_131' title='bbox 978 1927 1097 1998; x_wconf 89' lang='lat' dir='ltr'>tempus</span> <span class='ocrx_word' id='word_1_132' title='bbox 1119 1937 1207 1999; x_wconf 81' lang='lat' dir='ltr'>quam</span> <span class='ocrx_word' id='word_1_133' title='bbox 1231 1918 1266 1979; x_wconf 81' lang='lat' dir='ltr'>nd</span> <span class='ocrx_word' id='word_1_134' title='bbox 1290 1927 1423 1980; x_wconf 81' lang='lat' dir='ltr'>naturam</span> 
     </span>
    </p>
   </div>
   <div class='ocr_carea' id='block_1_3' title="bbox 280 2044 509 2065">
    <p class='ocr_par' dir='ltr' id='par_1_4' title="bbox 280 2044 509 2065">
     <span class='ocr_line' id='line_1_15' title="bbox 280 2044 509 2065; baseline 0 -3"><span class='ocrx_word' id='word_1_135' title='bbox 280 2044 509 2065; x_wconf 71' lang='lat' dir='ltr'>———-l———</span> 
     </span>
    </p>
   </div>
   <div class='ocr_carea' id='block_1_4' title="bbox 280 2120 1426 2375">
    <p class='ocr_par' dir='ltr' id='par_1_5' title="bbox 280 2120 1426 2375">
     <span class='ocr_line' id='line_1_16' title="bbox 350 2120 1426 2187; baseline 0.002 -18"><span class='ocrx_word' id='word_1_136' title='bbox 350 2122 363 2169; x_wconf 96' lang='lat' dir='ltr'>l</span> <span class='ocrx_word' id='word_1_137' title='bbox 387 2126 415 2170; x_wconf 88' lang='grc' dir='ltr'>ει</span> <span class='ocrx_word' id='word_1_138' title='bbox 436 2122 531 2171; x_wconf 82' lang='lat' dir='ltr'>deleuit</span> <span class='ocrx_word' id='word_1_139' title='bbox 551 2120 675 2172; x_wconf 80' lang='lat' dir='ltr'>Baiterue</span> <span class='ocrx_word' id='word_1_140' title='bbox 702 2120 706 2186; x_wconf 98' lang='grc' dir='ltr'>Ι</span> <span class='ocrx_word' id='word_1_141' title='bbox 733 2122 879 2185; x_wconf 74' lang='lat' dir='ltr'>3sortoeee</span> <span class='ocrx_word' id='word_1_142' title='bbox 903 2126 996 2171; x_wconf 82' lang='lat' dir='ltr'>temen</span> <span class='ocrx_word' id='word_1_143' title='bbox 1019 2122 1043 2170; x_wconf 85' lang='grc' dir='ltr'>εἰ</span> <span class='ocrx_word' id='word_1_144' title='bbox 1061 2121 1096 2171; x_wconf 82' lang='lat' dir='ltr'>ab</span> <span class='ocrx_word' id='word_1_145' title='bbox 1123 2121 1127 2185; x_wconf 94' lang='grc' dir='ltr'>Ι</span> <span class='ocrx_word' id='word_1_146' title='bbox 1154 2138 1205 2187; x_wconf 79' lang='lat' dir='ltr'>gro</span> <span class='ocrx_word' id='word_1_147' title='bbox 1222 2137 1254 2172; x_wconf 86' lang='lat' dir='ltr'>ea</span> <span class='ocrx_word' id='word_1_148' title='bbox 1271 2123 1426 2186; x_wconf 72' lang='lat' dir='ltr'>superducto</span> 
     </span>
     <span class='ocr_line' id='line_1_17' title="bbox 280 2185 1425 2254; baseline 0 -16"><span class='ocrx_word' id='word_1_149' title='bbox 280 2190 348 2239; x_wconf 84' lang='lat' dir='ltr'>lineo</span> <span class='ocrx_word' id='word_1_150' title='bbox 365 2205 416 2253; x_wconf 82' lang='lat' dir='ltr'>qna</span> <span class='ocrx_word' id='word_1_151' title='bbox 434 2189 526 2253; x_wconf 82' lang='lat' dir='ltr'>gretie</span> <span class='ocrx_word' id='word_1_152' title='bbox 543 2190 701 2253; x_wconf 70' lang='lat' dir='ltr'>olynifieator</span> <span class='ocrx_word' id='word_1_153' title='bbox 735 2191 752 2239; x_wconf 90' lang='lat'>4</span> <span class='ocrx_word' id='word_1_154' title='bbox 771 2190 816 2240; x_wconf 82' lang='lat' dir='ltr'>lec</span> <span class='ocrx_word' id='word_1_155' title='bbox 834 2194 865 2239; x_wconf 88' lang='grc' dir='ltr'>ιιι</span> <span class='ocrx_word' id='word_1_156' title='bbox 879 2194 907 2239; x_wconf 84' lang='grc' dir='ltr'>ει</span> <span class='ocrx_word' id='word_1_157' title='bbox 919 2188 1027 2240; x_wconf 81' lang='lat' dir='ltr'>Orettiur</span> <span class='ocrx_word' id='word_1_158' title='bbox 1039 2191 1114 2240; x_wconf 81' lang='lat' dir='ltr'>olim:</span> <span class='ocrx_word' id='word_1_159' title='bbox 1132 2189 1226 2239; x_wconf 81' lang='lat' dir='ltr'>laceto</span> <span class='ocrx_word' id='word_1_160' title='bbox 1242 2185 1278 2254; x_wconf 87' lang='grc'><strong><em>16</em></strong></span> <span class='ocrx_word' id='word_1_161' title='bbox 1296 2190 1425 2239; x_wconf 78' lang='lat' dir='ltr'>diuturno</span> 
     </span>
     <span class='ocr_line' id='line_1_18' title="bbox 280 2253 1424 2323; baseline 0.003 -18"><span class='ocrx_word' id='word_1_162' title='bbox 280 2260 441 2321; x_wconf 78' lang='lat' dir='ltr'>noeturneq.</span> <span class='ocrx_word' id='word_1_163' title='bbox 468 2256 472 2319; x_wconf 96' lang='grc' dir='ltr'>Ι</span> <span class='ocrx_word' id='word_1_164' title='bbox 498 2258 556 2308; x_wconf 79' lang='lat' dir='ltr'>8oi</span> <span class='ocrx_word' id='word_1_165' title='bbox 574 2259 689 2308; x_wconf 82' lang='lat' dir='ltr'>omieeum</span> <span class='ocrx_word' id='word_1_166' title='bbox 747 2257 869 2307; x_wconf 80' lang='lat' dir='ltr'>additam</span> <span class='ocrx_word' id='word_1_167' title='bbox 896 2254 900 2322; x_wconf 94' lang='grc' dir='ltr'>Ι</span> <span class='ocrx_word' id='word_1_168' title='bbox 928 2259 960 2308; x_wconf 93' lang='grc'><strong><em>10</em></strong></span> <span class='ocrx_word' id='word_1_169' title='bbox 978 2258 1048 2320; x_wconf 84' lang='lat' dir='ltr'>quod</span> <span class='ocrx_word' id='word_1_170' title='bbox 1066 2253 1196 2321; x_wconf 78' lang='lat' dir='ltr'>equandsr</span> <span class='ocrx_word' id='word_1_171' title='bbox 1210 2257 1295 2321; x_wconf 81' lang='lat' dir='ltr'>datol</span> <span class='ocrx_word' id='word_1_172' title='bbox 1317 2256 1398 2323; x_wconf 83' lang='lat' dir='ltr'>longe</span> <span class='ocrx_word' id='word_1_173' title='bbox 1420 2254 1424 2322; x_wconf 96' lang='grc' dir='ltr'>Ι</span> 
     </span>
     <span class='ocr_line' id='line_1_19' title="bbox 282 2324 751 2375; baseline 0.004 -2"><span class='ocrx_word' id='word_1_174' title='bbox 282 2326 313 2373; x_wconf 80' lang='lat'>12</span> <span class='ocrx_word' id='word_1_175' title='bbox 333 2324 458 2375; x_wconf 80' lang='lat' dir='ltr'>fecturus</span> <span class='ocrx_word' id='word_1_176' title='bbox 482 2324 622 2375; x_wconf 82' lang='lat' dir='ltr'>Baiterue:</span> <span class='ocrx_word' id='word_1_177' title='bbox 641 2330 751 2375; x_wconf 78' lang='lat' dir='ltr'>acturus</span> 
     </span>
    </p>
   </div>
   <div class='ocr_carea' id='block_1_5' title="bbox 278 2509 1426 3187">
    <p class='ocr_par' dir='ltr' id='par_1_6' title="bbox 278 2509 1426 3187">
     <span class='ocr_line' id='line_1_20' title="bbox 349 2509 1424 2575; baseline 0 -16"><span class='ocrx_word' id='word_1_178' title='bbox 349 2513 362 2559; x_wconf 88' lang='lat'>1</span> <span class='ocrx_word' id='word_1_179' title='bbox 383 2514 411 2560; x_wconf 86' lang='lat' dir='ltr'>et</span> <span class='ocrx_word' id='word_1_180' title='bbox 429 2514 472 2561; x_wconf 83' lang='grc' dir='ltr'>εει</span> <span class='ocrx_word' id='word_1_181' title='bbox 489 2511 513 2565; x_wconf 77' lang='lat' dir='ltr'><em>L</em></span> <span class='ocrx_word' id='word_1_182' title='bbox 531 2509 605 2574; x_wconf 80' lang='lat' dir='ltr'>(esec</span> <span class='ocrx_word' id='word_1_183' title='bbox 622 2527 672 2575; x_wconf 84' lang='lat' dir='ltr'>pro</span> <span class='ocrx_word' id='word_1_184' title='bbox 691 2515 719 2560; x_wconf 87' lang='lat' dir='ltr'>et</span> <span class='ocrx_word' id='word_1_185' title='bbox 737 2513 746 2560; x_wconf 88' lang='lat' dir='ltr'>l</span> <span class='ocrx_word' id='word_1_186' title='bbox 764 2512 826 2573; x_wconf 83' lang='lat'>38):</span> <span class='ocrx_word' id='word_1_187' title='bbox 847 2527 881 2561; x_wconf 83' lang='lat' dir='ltr'>ea</span> <span class='ocrx_word' id='word_1_188' title='bbox 899 2515 942 2562; x_wconf 86' lang='grc' dir='ltr'>εει</span> <span class='ocrx_word' id='word_1_189' title='bbox 958 2513 1091 2561; x_wconf 82' lang='lat' dir='ltr'>Polermne</span> <span class='ocrx_word' id='word_1_190' title='bbox 1110 2514 1114 2575; x_wconf 93' lang='grc' dir='ltr'>Ι</span> <span class='ocrx_word' id='word_1_191' title='bbox 1134 2514 1150 2562; x_wconf 82' lang='grc'><em>3</em></span> <span class='ocrx_word' id='word_1_192' title='bbox 1167 2510 1297 2561; x_wconf 84' lang='lat' dir='ltr'>laudatur</span> <span class='ocrx_word' id='word_1_193' title='bbox 1313 2518 1342 2562; x_wconf 88' lang='lat' dir='ltr'>et</span> <span class='ocrx_word' id='word_1_194' title='bbox 1358 2509 1424 2560; x_wconf 92' lang='lat' dir='ltr'>mul·</span> 
     </span>
     <span class='ocr_line' id='line_1_21' title="bbox 280 2577 1426 2644; baseline 0 -16"><span class='ocrx_word' id='word_1_195' title='bbox 280 2577 395 2630; x_wconf 84' lang='lat' dir='ltr'>titudini</span> <span class='ocrx_word' id='word_1_196' title='bbox 412 2582 422 2629; x_wconf 85' lang='lat' dir='ltr'>l</span> <span class='ocrx_word' id='word_1_197' title='bbox 439 2582 472 2627; x_wconf 89' lang='grc'>47</span> <span class='ocrx_word' id='word_1_198' title='bbox 489 2582 523 2628; x_wconf 81' lang='grc'><strong><em>60</em></strong></span> <span class='ocrx_word' id='word_1_199' title='bbox 543 2581 592 2628; x_wconf 91' lang='grc'><strong><em>122</em></strong></span> <span class='ocrx_word' id='word_1_200' title='bbox 612 2581 663 2628; x_wconf 90' lang='grc'><strong><em>124</em></strong></span> <span class='ocrx_word' id='word_1_201' title='bbox 682 2582 733 2628; x_wconf 87' lang='grc'>126</span> <span class='ocrx_word' id='word_1_202' title='bbox 758 2578 763 2644; x_wconf 97' lang='grc' dir='ltr'>Ι</span> <span class='ocrx_word' id='word_1_203' title='bbox 786 2580 907 2629; x_wconf 80' lang='lat' dir='ltr'>4taeit0</span> <span class='ocrx_word' id='word_1_204' title='bbox 932 2585 959 2630; x_wconf 82' lang='grc' dir='ltr'>ει</span> <span class='ocrx_word' id='word_1_205' title='bbox 982 2580 1031 2629; x_wconf 83' lang='lat' dir='ltr'>ebs</span> <span class='ocrx_word' id='word_1_206' title='bbox 1049 2584 1078 2629; x_wconf 81' lang='lat' dir='ltr'>te</span> <span class='ocrx_word' id='word_1_207' title='bbox 1098 2585 1125 2630; x_wconf 82' lang='grc' dir='ltr'>ει</span> <span class='ocrx_word' id='word_1_208' title='bbox 1144 2579 1179 2629; x_wconf 81' lang='lat' dir='ltr'>ab</span> <span class='ocrx_word' id='word_1_209' title='bbox 1198 2580 1296 2629; x_wconf 79' lang='lat' dir='ltr'>amicis</span> <span class='ocrx_word' id='word_1_210' title='bbox 1314 2582 1373 2628; x_wconf 83' lang='grc'><strong><em>150</em></strong></span> <span class='ocrx_word' id='word_1_211' title='bbox 1390 2595 1426 2629; x_wconf 76' lang='lat' dir='ltr'>eor</span> 
     </span>
     <span class='ocr_line' id='line_1_22' title="bbox 281 2645 1425 2698; baseline 0 -2"><span class='ocrx_word' id='word_1_212' title='bbox 281 2645 377 2696; x_wconf 81' lang='lat' dir='ltr'>duodece</span> <span class='ocrx_word' id='word_1_213' title='bbox 395 2646 522 2697; x_wconf 67' lang='lat' dir='ltr'>ueteribus</span> <span class='ocrx_word' id='word_1_214' title='bbox 540 2646 657 2697; x_wconf 79' lang='lat' dir='ltr'>Lambini</span> <span class='ocrx_word' id='word_1_215' title='bbox 679 2647 773 2696; x_wconf 85' lang='lat' dir='ltr'>laceto</span> <span class='ocrx_word' id='word_1_216' title='bbox 797 2648 848 2698; x_wconf 82' lang='lat' dir='ltr'>obs</span> <span class='ocrx_word' id='word_1_217' title='bbox 869 2651 897 2698; x_wconf 88' lang='grc' dir='ltr'>ιε</span> <span class='ocrx_word' id='word_1_218' title='bbox 921 2652 949 2697; x_wconf 83' lang='grc' dir='ltr'>ει</span> <span class='ocrx_word' id='word_1_219' title='bbox 970 2647 1068 2697; x_wconf 76' lang='lat' dir='ltr'>amicis</span> <span class='ocrx_word' id='word_1_220' title='bbox 1085 2648 1096 2695; x_wconf 83' lang='lat' dir='ltr'>l</span> <span class='ocrx_word' id='word_1_221' title='bbox 1114 2649 1216 2697; x_wconf 87' lang='grc'><strong><em>47122</em></strong></span> <span class='ocrx_word' id='word_1_222' title='bbox 1236 2649 1286 2696; x_wconf 89' lang='grc'><strong><em>124</em></strong></span> <span class='ocrx_word' id='word_1_223' title='bbox 1306 2649 1355 2696; x_wconf 89' lang='grc'>126</span> <span class='ocrx_word' id='word_1_224' title='bbox 1373 2647 1425 2696; x_wconf 86' lang='lat' dir='ltr'>Da-</span> 
     </span>
     <span class='ocr_line' id='line_1_23' title="bbox 280 2714 1425 2779; baseline -0.001 -15"><span class='ocrx_word' id='word_1_225' title='bbox 280 2715 387 2764; x_wconf 84' lang='lat' dir='ltr'>nielinue</span> <span class='ocrx_word' id='word_1_226' title='bbox 405 2714 500 2764; x_wconf 83' lang='lat' dir='ltr'>faeere</span> <span class='ocrx_word' id='word_1_227' title='bbox 520 2714 569 2765; x_wconf 81' lang='lat' dir='ltr'>nbc</span> <span class='ocrx_word' id='word_1_228' title='bbox 588 2718 615 2765; x_wconf 86' lang='lat' dir='ltr'>te</span> <span class='ocrx_word' id='word_1_229' title='bbox 635 2719 744 2779; x_wconf 80' lang='lat' dir='ltr'>oportet</span> <span class='ocrx_word' id='word_1_230' title='bbox 763 2721 791 2765; x_wconf 86' lang='lat' dir='ltr'>ot</span> <span class='ocrx_word' id='word_1_231' title='bbox 809 2715 907 2764; x_wconf 78' lang='lat' dir='ltr'>amieis</span> <span class='ocrx_word' id='word_1_232' title='bbox 925 2718 981 2765; x_wconf 84' lang='grc'>138</span> <span class='ocrx_word' id='word_1_233' title='bbox 999 2714 1094 2765; x_wconf 82' lang='lat' dir='ltr'>fecere</span> <span class='ocrx_word' id='word_1_234' title='bbox 1114 2720 1142 2764; x_wconf 86' lang='grc' dir='ltr'>ιε</span> <span class='ocrx_word' id='word_1_235' title='bbox 1155 2719 1264 2779; x_wconf 85' lang='lat' dir='ltr'>oportet</span> <span class='ocrx_word' id='word_1_236' title='bbox 1281 2721 1310 2764; x_wconf 88' lang='lat' dir='ltr'>et</span> <span class='ocrx_word' id='word_1_237' title='bbox 1329 2714 1425 2764; x_wconf 78' lang='lat' dir='ltr'>amicis</span> 
     </span>
     <span class='ocr_line' id='line_1_24' title="bbox 280 2779 1426 2846; baseline -0.002 -14"><span class='ocrx_word' id='word_1_238' title='bbox 280 2786 290 2832; x_wconf 89' lang='lat' dir='ltr'>l</span> <span class='ocrx_word' id='word_1_239' title='bbox 309 2784 326 2832; x_wconf 83' lang='lat'><strong><em>3</em></strong></span> <span class='ocrx_word' id='word_1_240' title='bbox 345 2785 380 2832; x_wconf 90' lang='grc'>36</span> <span class='ocrx_word' id='word_1_241' title='bbox 397 2784 431 2832; x_wconf 83' lang='grc'>48</span> <span class='ocrx_word' id='word_1_242' title='bbox 449 2784 482 2832; x_wconf 84' lang='grc'>49</span> <span class='ocrx_word' id='word_1_243' title='bbox 501 2785 549 2831; x_wconf 90' lang='grc'>117</span> <span class='ocrx_word' id='word_1_244' title='bbox 568 2784 635 2831; x_wconf 61' lang='grc'><strong><em>1271</em></strong></span> <span class='ocrx_word' id='word_1_245' title='bbox 655 2782 702 2832; x_wconf 83' lang='lat' dir='ltr'>iac</span> <span class='ocrx_word' id='word_1_246' title='bbox 722 2788 750 2832; x_wconf 89' lang='lat' dir='ltr'>et</span> <span class='ocrx_word' id='word_1_247' title='bbox 768 2782 818 2832; x_wconf 81' lang='lat' dir='ltr'>obs</span> <span class='ocrx_word' id='word_1_248' title='bbox 841 2788 868 2832; x_wconf 88' lang='lat' dir='ltr'>te</span> <span class='ocrx_word' id='word_1_249' title='bbox 886 2785 972 2833; x_wconf 67' lang='lat' dir='ltr'>codem</span> <span class='ocrx_word' id='word_1_250' title='bbox 992 2783 1103 2833; x_wconf 76' lang='lat' dir='ltr'>Tornelu‘</span> <span class='ocrx_word' id='word_1_251' title='bbox 1128 2779 1133 2846; x_wconf 98' lang='grc' dir='ltr'>Ι</span> <span class='ocrx_word' id='word_1_252' title='bbox 1159 2783 1175 2832; x_wconf 89' lang='grc'><strong><em>6</em></strong></span> <span class='ocrx_word' id='word_1_253' title='bbox 1193 2797 1259 2832; x_wconf 84' lang='lat' dir='ltr'>cure</span> <span class='ocrx_word' id='word_1_254' title='bbox 1277 2784 1301 2833; x_wconf 84' lang='lat' dir='ltr'><em>L</em></span> <span class='ocrx_word' id='word_1_255' title='bbox 1318 2789 1426 2846; x_wconf 80' lang='lat' dir='ltr'>praeter</span> 
     </span>
     <span class='ocr_line' id='line_1_25' title="bbox 281 2847 1425 2914; baseline 0.001 -15"><span class='ocrx_word' id='word_1_256' title='bbox 281 2852 379 2899; x_wconf 83' lang='grc'><strong><em>50126</em></strong></span> <span class='ocrx_word' id='word_1_257' title='bbox 394 2847 399 2913; x_wconf 99' lang='grc' dir='ltr'>Ι</span> <span class='ocrx_word' id='word_1_258' title='bbox 415 2850 536 2900; x_wconf 87' lang='lat' dir='ltr'>diuturni</span> <span class='ocrx_word' id='word_1_259' title='bbox 554 2852 564 2899; x_wconf 83' lang='lat' dir='ltr'>t</span> <span class='ocrx_word' id='word_1_260' title='bbox 581 2853 616 2900; x_wconf 90' lang='grc'>38</span> <span class='ocrx_word' id='word_1_261' title='bbox 630 2849 635 2914; x_wconf 96' lang='grc' dir='ltr'>Ι</span> <span class='ocrx_word' id='word_1_262' title='bbox 660 2854 743 2914; x_wconf 80' lang='lat' dir='ltr'>atque</span> <span class='ocrx_word' id='word_1_263' title='bbox 762 2852 888 2900; x_wconf 84' lang='lat' dir='ltr'>nocturni</span> <span class='ocrx_word' id='word_1_264' title='bbox 906 2851 964 2900; x_wconf 80' lang='lat' dir='ltr'>LT.</span> <span class='ocrx_word' id='word_1_265' title='bbox 981 2853 1096 2913; x_wconf 71' lang='lat' dir='ltr'>fortasse</span> <span class='ocrx_word' id='word_1_266' title='bbox 1110 2848 1215 2911; x_wconf 84' lang='lat' dir='ltr'>Quintue</span> <span class='ocrx_word' id='word_1_267' title='bbox 1227 2849 1274 2900; x_wconf 90' lang='lat' dir='ltr'>diu</span> <span class='ocrx_word' id='word_1_268' title='bbox 1286 2854 1425 2913; x_wconf 88' lang='lat' dir='ltr'>noctuque</span> 
     </span>
     <span class='ocr_line' id='line_1_26' title="bbox 280 2915 1424 2983; baseline 0 -17"><span class='ocrx_word' id='word_1_269' title='bbox 280 2919 424 2980; x_wconf 72' lang='lat' dir='ltr'>scripserat</span> <span class='ocrx_word' id='word_1_270' title='bbox 439 2918 443 2980; x_wconf 99' lang='grc' dir='ltr'>Ι</span> <span class='ocrx_word' id='word_1_271' title='bbox 460 2919 474 2967; x_wconf 74' lang='lat' dir='ltr'>i</span> <span class='ocrx_word' id='word_1_272' title='bbox 493 2918 599 2969; x_wconf 81' lang='lat' dir='ltr'>foribus</span> <span class='ocrx_word' id='word_1_273' title='bbox 618 2917 706 2968; x_wconf 76' lang='lat' dir='ltr'>nolum</span> <span class='ocrx_word' id='word_1_274' title='bbox 724 2919 748 2968; x_wconf 89' lang='lat' dir='ltr'><em>L</em></span> <span class='ocrx_word' id='word_1_275' title='bbox 765 2926 873 2982; x_wconf 84' lang='lat' dir='ltr'>praeter</span> <span class='ocrx_word' id='word_1_276' title='bbox 893 2921 927 2968; x_wconf 94' lang='grc'>38</span> <span class='ocrx_word' id='word_1_277' title='bbox 945 2921 994 2968; x_wconf 91' lang='grc'>117</span> <span class='ocrx_word' id='word_1_278' title='bbox 1012 2917 1284 2983; x_wconf 79' lang='lat' dir='ltr'>{uultuetfronteL</span> <span class='ocrx_word' id='word_1_279' title='bbox 1300 2915 1304 2981; x_wconf 94' lang='grc' dir='ltr'>Ι</span> <span class='ocrx_word' id='word_1_280' title='bbox 1320 2920 1336 2968; x_wconf 88' lang='lat'><em>8</em></span> <span class='ocrx_word' id='word_1_281' title='bbox 1355 2933 1424 2982; x_wconf 85' lang='lat' dir='ltr'>quae</span> 
     </span>
     <span class='ocr_line' id='line_1_27' title="bbox 281 2983 1425 3052; baseline 0 -18"><span class='ocrx_word' id='word_1_282' title='bbox 281 2986 306 3034; x_wconf 86' lang='grc' dir='ltr'>εἰ</span> <span class='ocrx_word' id='word_1_283' title='bbox 325 2983 485 3050; x_wconf 80' lang='lat' dir='ltr'>significant</span> <span class='ocrx_word' id='word_1_284' title='bbox 505 2987 526 3036; x_wconf 81' lang='lat' dir='ltr'><em>L</em></span> <span class='ocrx_word' id='word_1_285' title='bbox 544 2989 594 3037; x_wconf 78' lang='lat' dir='ltr'>noi</span> <span class='ocrx_word' id='word_1_286' title='bbox 605 2988 673 3052; x_wconf 83' lang='lat' dir='ltr'>quod</span> <span class='ocrx_word' id='word_1_287' title='bbox 690 2985 832 3051; x_wconf 81' lang='lat' dir='ltr'>significat</span> <span class='ocrx_word' id='word_1_288' title='bbox 850 2988 884 3037; x_wconf 87' lang='grc'>48</span> <span class='ocrx_word' id='word_1_289' title='bbox 902 2989 935 3036; x_wconf 84' lang='grc'>40</span> <span class='ocrx_word' id='word_1_290' title='bbox 952 2985 1064 3049; x_wconf 73' lang='lat' dir='ltr'>hadent!</span> <span class='ocrx_word' id='word_1_291' title='bbox 1080 2987 1112 3036; x_wconf 87' lang='grc'>10</span> <span class='ocrx_word' id='word_1_292' title='bbox 1130 2985 1201 3050; x_wconf 86' lang='lat' dir='ltr'>quod</span> <span class='ocrx_word' id='word_1_293' title='bbox 1218 2988 1227 3034; x_wconf 88' lang='lat' dir='ltr'>l</span> <span class='ocrx_word' id='word_1_294' title='bbox 1247 2988 1264 3036; x_wconf 88' lang='grc'><em>3</em></span> <span class='ocrx_word' id='word_1_295' title='bbox 1283 2988 1335 3036; x_wconf 74' lang='lat'>36.-</span> <span class='ocrx_word' id='word_1_296' title='bbox 1355 3001 1425 3050; x_wconf 82' lang='lat' dir='ltr'>quae</span> 
     </span>
     <span class='ocr_line' id='line_1_28' title="bbox 281 3048 1426 3120; baseline -0.003 -17"><span class='ocrx_word' id='word_1_297' title='bbox 281 3056 388 3103; x_wconf 81' lang='lat' dir='ltr'>leeteri</span> <span class='ocrx_word' id='word_1_298' title='bbox 405 3052 411 3117; x_wconf 94' lang='grc' dir='ltr'>Ι</span> <span class='ocrx_word' id='word_1_299' title='bbox 430 3052 464 3103; x_wconf 86' lang='lat' dir='ltr'>de</span> <span class='ocrx_word' id='word_1_300' title='bbox 483 3053 632 3104; x_wconf 80' lang='lat' dir='ltr'>candidato</span> <span class='ocrx_word' id='word_1_301' title='bbox 650 3053 768 3104; x_wconf 81' lang='lat' dir='ltr'>Klotzioe</span> <span class='ocrx_word' id='word_1_302' title='bbox 784 3057 841 3107; x_wconf 86' lang='lat' dir='ltr'>coll.</span> <span class='ocrx_word' id='word_1_303' title='bbox 864 3055 990 3105; x_wconf 84' lang='lat' dir='ltr'>Verrinae</span> <span class='ocrx_word' id='word_1_304' title='bbox 1007 3054 1042 3104; x_wconf 89' lang='grc' dir='ltr'>ΙΙ</span> <span class='ocrx_word' id='word_1_305' title='bbox 1058 3048 1079 3120; x_wconf 68' lang='grc'><em>5</em></span> <span class='ocrx_word' id='word_1_306' title='bbox 1096 3057 1129 3103; x_wconf 83' lang='grc'>50</span> <span class='ocrx_word' id='word_1_307' title='bbox 1153 3052 1158 3118; x_wconf 91' lang='grc' dir='ltr'>Ι</span> <span class='ocrx_word' id='word_1_308' title='bbox 1185 3068 1219 3102; x_wconf 80' lang='lat' dir='ltr'>oc</span> <span class='ocrx_word' id='word_1_309' title='bbox 1236 3052 1384 3104; x_wconf 87' lang='lat' dir='ltr'>honorilice</span> <span class='ocrx_word' id='word_1_310' title='bbox 1403 3052 1426 3100; x_wconf 89' lang='lat' dir='ltr'><em>L</em></span> 
     </span>
     <span class='ocr_line' id='line_1_29' title="bbox 278 3119 1281 3187; baseline 0.001 -18"><span class='ocrx_word' id='word_1_311' title='bbox 278 3129 387 3185; x_wconf 79' lang='lat' dir='ltr'>praeter</span> <span class='ocrx_word' id='word_1_312' title='bbox 405 3124 440 3172; x_wconf 87' lang='grc'>38</span> <span class='ocrx_word' id='word_1_313' title='bbox 457 3124 490 3170; x_wconf 82' lang='grc'><strong><em>60</em></strong></span> <span class='ocrx_word' id='word_1_314' title='bbox 516 3119 521 3186; x_wconf 92' lang='grc' dir='ltr'>Ι</span> <span class='ocrx_word' id='word_1_315' title='bbox 549 3123 579 3172; x_wconf 93' lang='grc'>11</span> <span class='ocrx_word' id='word_1_316' title='bbox 598 3128 776 3187; x_wconf 82' lang='lat' dir='ltr'>praeceptum</span> <span class='ocrx_word' id='word_1_317' title='bbox 801 3127 844 3172; x_wconf 86' lang='grc' dir='ltr'>εει</span> <span class='ocrx_word' id='word_1_318' title='bbox 865 3121 951 3172; x_wconf 82' lang='lat' dir='ltr'>focile</span> <span class='ocrx_word' id='word_1_319' title='bbox 974 3127 1004 3171; x_wconf 89' lang='lat' dir='ltr'>ut</span> <span class='ocrx_word' id='word_1_320' title='bbox 1027 3121 1092 3186; x_wconf 89' lang='lat' dir='ltr'>quid</span> <span class='ocrx_word' id='word_1_321' title='bbox 1110 3124 1232 3172; x_wconf 80' lang='lat' dir='ltr'>tacturus</span> <span class='ocrx_word' id='word_1_322' title='bbox 1254 3122 1281 3169; x_wconf 92' lang='lat' dir='ltr'><em>V</em></span> 
     </span>
    </p>
   </div>
   <div class='ocr_carea' id='block_1_6' title="bbox 280 3314 1474 4535">
    <p class='ocr_par' dir='ltr' id='par_1_7' title="bbox 280 3314 1474 4468">
     <span class='ocr_line' id='line_1_30' title="bbox 328 3314 1474 3384; baseline 0 -17"><span class='ocrx_word' id='word_1_323' title='bbox 328 3321 343 3366; x_wconf 84' lang='grc'><strong><em>2</em></strong></span> <span class='ocrx_word' id='word_1_324' title='bbox 366 3330 437 3384; x_wconf 79' lang='lat' dir='ltr'>quae</span> <span class='ocrx_word' id='word_1_325' title='bbox 453 3320 481 3369; x_wconf 87' lang='lat' dir='ltr'>et</span> <span class='ocrx_word' id='word_1_326' title='bbox 498 3322 594 3371; x_wconf 85' lang='lat' dir='ltr'>cetero</span> <span class='ocrx_word' id='word_1_327' title='bbox 610 3315 685 3381; x_wconf 79' lang='lat' dir='ltr'>quod</span> <span class='ocrx_word' id='word_1_328' title='bbox 705 3315 745 3371; x_wconf 91' lang='lat' dir='ltr'>rei</span> <span class='ocrx_word' id='word_1_329' title='bbox 763 3314 840 3370; x_wconf 87' lang='lat' dir='ltr'>lami·</span> <span class='ocrx_word' id='word_1_330' title='bbox 866 3314 981 3371; x_wconf 90' lang='lat' dir='ltr'>brentur</span> <span class='ocrx_word' id='word_1_331' title='bbox 1002 3330 1066 3371; x_wconf 83' lang='lat' dir='ltr'>esse</span> <span class='ocrx_word' id='word_1_332' title='bbox 1087 3314 1268 3381; x_wconf 77' lang='lat' dir='ltr'>prodendum</span> <span class='ocrx_word' id='word_1_333' title='bbox 1288 3314 1424 3380; x_wconf 64' lang='lat' dir='ltr'>redama·</span> <span class='ocrx_word' id='word_1_334' title='bbox 1471 3354 1474 3359; x_wconf 80' lang='lat'>.</span> 
     </span>
     <span class='ocr_line' id='line_1_31' title="bbox 280 3382 1425 3453; baseline -0.003 -15"><span class='ocrx_word' id='word_1_335' title='bbox 280 3383 342 3439; x_wconf 76' lang='lat' dir='ltr'>lieri</span> <span class='ocrx_word' id='word_1_336' title='bbox 359 3382 523 3453; x_wconf 77' lang='lat' dir='ltr'>subiunxit,</span> <span class='ocrx_word' id='word_1_337' title='bbox 545 3389 739 3448; x_wconf 79' lang='lat' dir='ltr'>properanter</span> <span class='ocrx_word' id='word_1_338' title='bbox 758 3383 838 3451; x_wconf 82' lang='lat' dir='ltr'>fecit,</span> <span class='ocrx_word' id='word_1_339' title='bbox 866 3399 922 3439; x_wconf 85' lang='lat' dir='ltr'>nus</span> <span class='ocrx_word' id='word_1_340' title='bbox 934 3398 1042 3450; x_wconf 73' lang='lat' dir='ltr'>quoqne</span> <span class='ocrx_word' id='word_1_341' title='bbox 1059 3384 1090 3437; x_wconf 83' lang='lat' dir='ltr'>in</span> <span class='ocrx_word' id='word_1_342' title='bbox 1107 3383 1221 3439; x_wconf 78' lang='lat' dir='ltr'>schedio</span> <span class='ocrx_word' id='word_1_343' title='bbox 1239 3383 1321 3437; x_wconf 80' lang='lat' dir='ltr'>dixit.</span> <span class='ocrx_word' id='word_1_344' title='bbox 1347 3387 1425 3436; x_wconf 87' lang='lat' dir='ltr'>certe</span> 
     </span>
     <span class='ocr_line' id='line_1_32' title="bbox 281 3449 1425 3519; baseline -0.003 -12"><span class='ocrx_word' id='word_1_345' title='bbox 281 3455 308 3507; x_wconf 80' lang='grc' dir='ltr'>εἰ</span> <span class='ocrx_word' id='word_1_346' title='bbox 319 3450 431 3519; x_wconf 79' lang='lat' dir='ltr'>quidem</span> <span class='ocrx_word' id='word_1_347' title='bbox 442 3449 497 3504; x_wconf 78' lang='lat' dir='ltr'>doc</span> <span class='ocrx_word' id='word_1_348' title='bbox 514 3452 691 3517; x_wconf 77' lang='lat' dir='ltr'>appositione</span> <span class='ocrx_word' id='word_1_349' title='bbox 709 3467 765 3506; x_wconf 87' lang='lat' dir='ltr'>non</span> <span class='ocrx_word' id='word_1_350' title='bbox 783 3457 840 3505; x_wconf 85' lang='lat' dir='ltr'>tom</span> <span class='ocrx_word' id='word_1_351' title='bbox 866 3452 977 3519; x_wconf 80' lang='lat' dir='ltr'>quidem</span> <span class='ocrx_word' id='word_1_352' title='bbox 993 3465 1106 3518; x_wconf 77' lang='lat' dir='ltr'>semper</span> <span class='ocrx_word' id='word_1_353' title='bbox 1125 3449 1247 3516; x_wconf 80' lang='lat' dir='ltr'>Quintus</span> <span class='ocrx_word' id='word_1_354' title='bbox 1270 3449 1312 3504; x_wconf 83' lang='lat' dir='ltr'>lac</span> <span class='ocrx_word' id='word_1_355' title='bbox 1333 3456 1364 3504; x_wconf 91' lang='lat' dir='ltr'>ut</span> <span class='ocrx_word' id='word_1_356' title='bbox 1384 3449 1425 3504; x_wconf 90' lang='lat' dir='ltr'>di·</span> 
     </span>
     <span class='ocr_line' id='line_1_33' title="bbox 281 3516 1424 3595; baseline -0.003 -21"><span class='ocrx_word' id='word_1_357' title='bbox 281 3517 840 3587; x_wconf 71' lang='lat' dir='ltr'>ipsoillustraturresfomiliorioquom</span> <span class='ocrx_word' id='word_1_358' title='bbox 867 3519 999 3587; x_wconf 87' lang='lat' dir='ltr'>seriptum</span> <span class='ocrx_word' id='word_1_359' title='bbox 1025 3518 1073 3580; x_wconf 89' lang='lat' dir='ltr'>sit,</span> <span class='ocrx_word' id='word_1_360' title='bbox 1097 3516 1141 3572; x_wconf 84' lang='lat' dir='ltr'>lac</span> <span class='ocrx_word' id='word_1_361' title='bbox 1163 3526 1193 3573; x_wconf 88' lang='lat' dir='ltr'>ut</span> <span class='ocrx_word' id='word_1_362' title='bbox 1211 3516 1424 3595; x_wconf 71' lang='lat' dir='ltr'>esseutdeatur,</span> 
     </span>
     <span class='ocr_line' id='line_1_34' title="bbox 282 3584 1426 3653; baseline -0.004 -11"><span class='ocrx_word' id='word_1_363' title='bbox 282 3603 354 3644; x_wconf 79' lang='lat' dir='ltr'>osus</span> <span class='ocrx_word' id='word_1_364' title='bbox 366 3588 429 3642; x_wconf 80' lang='lat' dir='ltr'>eius</span> <span class='ocrx_word' id='word_1_365' title='bbox 441 3591 470 3641; x_wconf 92' lang='lat' dir='ltr'>et</span> <span class='ocrx_word' id='word_1_366' title='bbox 485 3585 599 3652; x_wconf 64' lang='lat' dir='ltr'>teredio</span> <span class='ocrx_word' id='word_1_367' title='bbox 616 3603 687 3653; x_wconf 81' lang='lat' dir='ltr'>quoe</span> <span class='ocrx_word' id='word_1_368' title='bbox 704 3602 743 3641; x_wconf 75' lang='lat' dir='ltr'>ex</span> <span class='ocrx_word' id='word_1_369' title='bbox 755 3602 789 3641; x_wconf 89' lang='lat' dir='ltr'>eo</span> <span class='ocrx_word' id='word_1_370' title='bbox 800 3588 839 3653; x_wconf 81' lang='lat' dir='ltr'>fit.</span> <span class='ocrx_word' id='word_1_371' title='bbox 867 3586 909 3641; x_wconf 87' lang='lat' dir='ltr'>lue</span> <span class='ocrx_word' id='word_1_372' title='bbox 926 3595 957 3642; x_wconf 88' lang='lat' dir='ltr'>ut</span> <span class='ocrx_word' id='word_1_373' title='bbox 974 3586 1089 3645; x_wconf 82' lang='lat' dir='ltr'>habeas.</span> <span class='ocrx_word' id='word_1_374' title='bbox 1113 3586 1154 3640; x_wconf 83' lang='lat' dir='ltr'>lac</span> <span class='ocrx_word' id='word_1_375' title='bbox 1172 3592 1203 3640; x_wconf 93' lang='lat' dir='ltr'>ut</span> <span class='ocrx_word' id='word_1_376' title='bbox 1221 3599 1311 3648; x_wconf 82' lang='lat' dir='ltr'>noris,</span> <span class='ocrx_word' id='word_1_377' title='bbox 1335 3584 1377 3639; x_wconf 80' lang='lat' dir='ltr'>lac</span> <span class='ocrx_word' id='word_1_378' title='bbox 1394 3591 1426 3638; x_wconf 90' lang='lat' dir='ltr'>ut</span> 
     </span>
     <span class='ocr_line' id='line_1_35' title="bbox 282 3651 1426 3721; baseline -0.003 -12"><span class='ocrx_word' id='word_1_379' title='bbox 282 3658 339 3709; x_wconf 79' lang='lat' dir='ltr'>tom</span> <span class='ocrx_word' id='word_1_380' title='bbox 356 3655 544 3721; x_wconf 79' lang='lat' dir='ltr'>oppositionis</span> <span class='ocrx_word' id='word_1_381' title='bbox 561 3653 685 3719; x_wconf 74' lang='lat' dir='ltr'>formam</span> <span class='ocrx_word' id='word_1_382' title='bbox 702 3654 838 3710; x_wconf 81' lang='lat' dir='ltr'>doncde-</span> <span class='ocrx_word' id='word_1_383' title='bbox 867 3655 961 3710; x_wconf 81' lang='lat' dir='ltr'>sciant.</span> <span class='ocrx_word' id='word_1_384' title='bbox 991 3656 1056 3709; x_wconf 86' lang='lat' dir='ltr'>item</span> <span class='ocrx_word' id='word_1_385' title='bbox 1068 3653 1189 3709; x_wconf 79' lang='lat' dir='ltr'>Morcus</span> <span class='ocrx_word' id='word_1_386' title='bbox 1203 3653 1370 3721; x_wconf 78' lang='lat' dir='ltr'>plerumque</span> <span class='ocrx_word' id='word_1_387' title='bbox 1383 3651 1426 3706; x_wconf 80' lang='lat' dir='ltr'>lac</span> 
     </span>
     <span class='ocr_line' id='line_1_36' title="bbox 281 3720 1425 3799; baseline -0.005 -22"><span class='ocrx_word' id='word_1_388' title='bbox 281 3723 445 3778; x_wconf 79' lang='lat' dir='ltr'>siderentur</span> <span class='ocrx_word' id='word_1_389' title='bbox 461 3737 533 3788; x_wconf 81' lang='lat' dir='ltr'>quae</span> <span class='ocrx_word' id='word_1_390' title='bbox 544 3737 709 3799; x_wconf 80' lang='lat' dir='ltr'>quamquam</span> <span class='ocrx_word' id='word_1_391' title='bbox 723 3722 756 3777; x_wconf 85' lang='lat' dir='ltr'>ad</span> <span class='ocrx_word' id='word_1_392' title='bbox 769 3721 839 3776; x_wconf 92' lang='lat' dir='ltr'>mul·</span> <span class='ocrx_word' id='word_1_393' title='bbox 866 3731 897 3777; x_wconf 91' lang='lat' dir='ltr'>ut</span> <span class='ocrx_word' id='word_1_394' title='bbox 914 3722 996 3776; x_wconf 82' lang='lat' dir='ltr'>sciam</span> <span class='ocrx_word' id='word_1_395' title='bbox 1014 3723 1092 3776; x_wconf 86' lang='lat' dir='ltr'>uelut</span> <span class='ocrx_word' id='word_1_396' title='bbox 1109 3725 1140 3775; x_wconf 82' lang='lat' dir='ltr'>in</span> <span class='ocrx_word' id='word_1_397' title='bbox 1159 3723 1216 3786; x_wconf 77' lang='lat' dir='ltr'>sinc</span> <span class='ocrx_word' id='word_1_398' title='bbox 1237 3720 1425 3799; x_wconf 72' lang='lat' dir='ltr'>epistularum</span> 
     </span>
     <span class='ocr_line' id='line_1_37' title="bbox 282 3787 1424 3857; baseline -0.004 -12"><span class='ocrx_word' id='word_1_399' title='bbox 282 3790 427 3845; x_wconf 85' lang='lat' dir='ltr'>titudinem</span> <span class='ocrx_word' id='word_1_400' title='bbox 445 3804 591 3857; x_wconf 81' lang='lat' dir='ltr'>peruenire</span> <span class='ocrx_word' id='word_1_401' title='bbox 605 3805 660 3844; x_wconf 92' lang='lat' dir='ltr'>non</span> <span class='ocrx_word' id='word_1_402' title='bbox 673 3797 780 3856; x_wconf 85' lang='lat' dir='ltr'>potest,</span> <span class='ocrx_word' id='word_1_403' title='bbox 800 3798 839 3844; x_wconf 79' lang='lat' dir='ltr'>ta·</span> <span class='ocrx_word' id='word_1_404' title='bbox 866 3790 904 3845; x_wconf 85' lang='lat' dir='ltr'>ad</span> <span class='ocrx_word' id='word_1_405' title='bbox 920 3791 1042 3844; x_wconf 79' lang='lat' dir='ltr'>Atticum</span> <span class='ocrx_word' id='word_1_406' title='bbox 1059 3789 1095 3843; x_wconf 88' lang='lat'>11</span> <span class='ocrx_word' id='word_1_407' title='bbox 1109 3796 1125 3840; x_wconf 97' lang='grc'><strong><em>6</em></strong></span> <span class='ocrx_word' id='word_1_408' title='bbox 1141 3795 1168 3844; x_wconf 89' lang='lat' dir='ltr'>et</span> <span class='ocrx_word' id='word_1_409' title='bbox 1180 3787 1217 3842; x_wconf 89' lang='grc' dir='ltr'>ΙΙ</span> <span class='ocrx_word' id='word_1_410' title='bbox 1226 3793 1258 3840; x_wconf 84' lang='grc'><strong><em>10</em></strong></span> <span class='ocrx_word' id='word_1_411' title='bbox 1278 3794 1329 3842; x_wconf 85' lang='lat' dir='ltr'>out</span> <span class='ocrx_word' id='word_1_412' title='bbox 1342 3787 1424 3842; x_wconf 85' lang='lat' dir='ltr'>laerte</span> 
     </span>
     <span class='ocr_line' id='line_1_38' title="bbox 281 3854 1427 3924; baseline -0.004 -12"><span class='ocrx_word' id='word_1_413' title='bbox 281 3874 344 3912; x_wconf 91' lang='lat' dir='ltr'>men</span> <span class='ocrx_word' id='word_1_414' title='bbox 361 3856 531 3913; x_wconf 87' lang='lat' dir='ltr'>multitudini</span> <span class='ocrx_word' id='word_1_415' title='bbox 544 3864 620 3923; x_wconf 79' lang='lat' dir='ltr'>grata</span> <span class='ocrx_word' id='word_1_416' title='bbox 636 3865 690 3921; x_wconf 88' lang='lat' dir='ltr'>est,</span> <span class='ocrx_word' id='word_1_417' title='bbox 708 3863 739 3912; x_wconf 86' lang='lat' dir='ltr'>ut</span> <span class='ocrx_word' id='word_1_418' title='bbox 753 3873 839 3924; x_wconf 76' lang='lat' dir='ltr'>prce·</span> <span class='ocrx_word' id='word_1_419' title='bbox 866 3865 898 3913; x_wconf 94' lang='lat' dir='ltr'>ut</span> <span class='ocrx_word' id='word_1_420' title='bbox 915 3857 998 3912; x_wconf 84' lang='lat' dir='ltr'>sciam</span> <span class='ocrx_word' id='word_1_421' title='bbox 1017 3857 1094 3913; x_wconf 84' lang='lat' dir='ltr'>uelut</span> <span class='ocrx_word' id='word_1_422' title='bbox 1110 3857 1212 3911; x_wconf 84' lang='lat' dir='ltr'>ididem</span> <span class='ocrx_word' id='word_1_423' title='bbox 1229 3855 1266 3911; x_wconf 88' lang='grc' dir='ltr'>ΙΙ</span> <span class='ocrx_word' id='word_1_424' title='bbox 1279 3862 1303 3916; x_wconf 81' lang='grc'>4,</span> <span class='ocrx_word' id='word_1_425' title='bbox 1321 3860 1346 3911; x_wconf 84' lang='grc'>4,</span> <span class='ocrx_word' id='word_1_426' title='bbox 1375 3854 1427 3909; x_wconf 82' lang='lat' dir='ltr'>sed</span> 
     </span>
     <span class='ocr_line' id='line_1_39' title="bbox 282 3889 1424 3992; baseline -0.006 -12"><span class='ocrx_word' id='word_1_427' title='bbox 282 3933 361 3982; x_wconf 79' lang='lat' dir='ltr'>terea</span> <span class='ocrx_word' id='word_1_428' title='bbox 374 3926 401 3980; x_wconf 83' lang='lat' dir='ltr'>si</span> <span class='ocrx_word' id='word_1_429' title='bbox 412 3925 481 3992; x_wconf 73' lang='lat' dir='ltr'>qnid</span> <span class='ocrx_word' id='word_1_430' title='bbox 492 3927 627 3989; x_wconf 70' lang='lat' dir='ltr'>infertur,</span> <span class='ocrx_word' id='word_1_431' title='bbox 640 3926 671 3980; x_wconf 81' lang='lat' dir='ltr'>id</span> <span class='ocrx_word' id='word_1_432' title='bbox 682 3925 760 3980; x_wconf 81' lang='lat' dir='ltr'>illios</span> <span class='ocrx_word' id='word_1_433' title='bbox 774 3941 839 3981; x_wconf 80' lang='lat' dir='ltr'>oen·</span> <span class='ocrx_word' id='word_1_434' title='bbox 867 3928 896 3980; x_wconf 84' lang='lat' dir='ltr'>in</span> <span class='ocrx_word' id='word_1_435' title='bbox 913 3926 1036 3992; x_wconf 77' lang='lat' dir='ltr'>epistula</span> <span class='ocrx_word' id='word_1_436' title='bbox 1053 3926 1092 3980; x_wconf 85' lang='lat' dir='ltr'>od</span> <span class='ocrx_word' id='word_1_437' title='bbox 1111 3924 1244 3979; x_wconf 84' lang='lat' dir='ltr'>Tironem</span> <span class='ocrx_word' id='word_1_438' title='bbox 1260 3923 1292 3977; x_wconf 87' lang='lat' dir='ltr'><em>X</em></span> <span class='ocrx_word' id='word_1_439' title='bbox 1296 3889 1337 3978; x_wconf 75' lang='grc' dir='ltr'>ΙΙΙ</span> <span class='ocrx_word' id='word_1_440' title='bbox 1354 3928 1392 3983; x_wconf 80' lang='grc'>18,</span> <span class='ocrx_word' id='word_1_441' title='bbox 1408 3926 1424 3973; x_wconf 84' lang='grc'><em>3</em></span> 
     </span>
     <span class='ocr_line' id='line_1_40' title="bbox 282 3990 1425 4067; baseline -0.006 -17"><span class='ocrx_word' id='word_1_442' title='bbox 282 3996 386 4050; x_wconf 79' lang='lat' dir='ltr'>tentiae</span> <span class='ocrx_word' id='word_1_443' title='bbox 392 3998 498 4060; x_wconf 76' lang='lat' dir='ltr'>pareat</span> <span class='ocrx_word' id='word_1_444' title='bbox 507 3994 633 4058; x_wconf 80' lang='lat' dir='ltr'>imperio.</span> <span class='ocrx_word' id='word_1_445' title='bbox 648 3994 758 4048; x_wconf 81' lang='lat' dir='ltr'>aceedit</span> <span class='ocrx_word' id='word_1_446' title='bbox 767 3995 842 4061; x_wconf 77' lang='lat' dir='ltr'>quod</span> <span class='ocrx_word' id='word_1_447' title='bbox 863 3996 957 4060; x_wconf 83' lang='lat' dir='ltr'>primo</span> <span class='ocrx_word' id='word_1_448' title='bbox 970 3993 1073 4060; x_wconf 70' lang='lat' dir='ltr'>lenitur</span> <span class='ocrx_word' id='word_1_449' title='bbox 1091 3992 1132 4048; x_wconf 81' lang='lat' dir='ltr'>lac</span> <span class='ocrx_word' id='word_1_450' title='bbox 1152 4009 1223 4059; x_wconf 88' lang='lat' dir='ltr'>opus</span> <span class='ocrx_word' id='word_1_451' title='bbox 1236 3990 1365 4059; x_wconf 79' lang='lat' dir='ltr'>adpareat</span> <span class='ocrx_word' id='word_1_452' title='bbox 1377 3991 1425 4067; x_wconf 72' lang='lat' dir='ltr'>de·</span> 
     </span>
     <span class='ocr_line' id='line_1_41' title="bbox 282 4057 1426 4129; baseline -0.007 -12"><span class='ocrx_word' id='word_1_453' title='bbox 282 4069 339 4118; x_wconf 85' lang='lat' dir='ltr'>totu</span> <span class='ocrx_word' id='word_1_454' title='bbox 363 4077 398 4117; x_wconf 84' lang='lat' dir='ltr'>eo</span> <span class='ocrx_word' id='word_1_455' title='bbox 415 4061 570 4127; x_wconf 82' lang='lat' dir='ltr'>disputatio</span> <span class='ocrx_word' id='word_1_456' title='bbox 588 4076 651 4116; x_wconf 89' lang='lat' dir='ltr'>eum</span> <span class='ocrx_word' id='word_1_457' title='bbox 668 4061 708 4116; x_wconf 85' lang='lat' dir='ltr'>od</span> <span class='ocrx_word' id='word_1_458' title='bbox 720 4061 840 4129; x_wconf 76' lang='lat' dir='ltr'>popula·</span> <span class='ocrx_word' id='word_1_459' title='bbox 866 4061 932 4116; x_wconf 84' lang='lat' dir='ltr'>inde</span> <span class='ocrx_word' id='word_1_460' title='bbox 950 4060 991 4115; x_wconf 83' lang='lat' dir='ltr'>lae</span> <span class='ocrx_word' id='word_1_461' title='bbox 1008 4068 1040 4115; x_wconf 92' lang='lat' dir='ltr'>ut</span> <span class='ocrx_word' id='word_1_462' title='bbox 1057 4061 1154 4123; x_wconf 85' lang='lat' dir='ltr'>seiam,</span> <span class='ocrx_word' id='word_1_463' title='bbox 1177 4061 1216 4114; x_wconf 85' lang='lat' dir='ltr'>ad</span> <span class='ocrx_word' id='word_1_464' title='bbox 1232 4074 1301 4113; x_wconf 79' lang='lat' dir='ltr'>snos</span> <span class='ocrx_word' id='word_1_465' title='bbox 1318 4057 1390 4112; x_wconf 71' lang='lat' dir='ltr'>Xli</span> <span class='ocrx_word' id='word_1_466' title='bbox 1409 4065 1426 4108; x_wconf 88' lang='grc'><strong><em>6</em></strong></span> 
     </span>
     <span class='ocr_line' id='line_1_42' title="bbox 282 4125 1425 4198; baseline -0.004 -14"><span class='ocrx_word' id='word_1_467' title='bbox 282 4134 458 4198; x_wconf 79' lang='lat' dir='ltr'>remportem</span> <span class='ocrx_word' id='word_1_468' title='bbox 466 4130 612 4195; x_wconf 77' lang='lat' dir='ltr'>petitionis</span> <span class='ocrx_word' id='word_1_469' title='bbox 618 4131 772 4196; x_wconf 78' lang='lat' dir='ltr'>pertineat,</span> <span class='ocrx_word' id='word_1_470' title='bbox 783 4144 840 4182; x_wconf 92' lang='lat' dir='ltr'>non</span> <span class='ocrx_word' id='word_1_471' title='bbox 867 4127 909 4183; x_wconf 83' lang='lat' dir='ltr'>leo</span> <span class='ocrx_word' id='word_1_472' title='bbox 922 4128 1059 4192; x_wconf 69' lang='lat' dir='ltr'>extrudis,</span> <span class='ocrx_word' id='word_1_473' title='bbox 1078 4128 1116 4182; x_wconf 81' lang='lat' dir='ltr'>od</span> <span class='ocrx_word' id='word_1_474' title='bbox 1132 4128 1256 4181; x_wconf 79' lang='lat' dir='ltr'>Atticum</span> <span class='ocrx_word' id='word_1_475' title='bbox 1268 4125 1284 4180; x_wconf 91' lang='lat' dir='ltr'>l</span> <span class='ocrx_word' id='word_1_476' title='bbox 1292 4126 1317 4180; x_wconf 90' lang='lat' dir='ltr'><em>V</em></span> <span class='ocrx_word' id='word_1_477' title='bbox 1331 4131 1365 4177; x_wconf 90' lang='grc'><strong><em>46</em></strong></span> <span class='ocrx_word' id='word_1_478' title='bbox 1382 4125 1425 4180; x_wconf 83' lang='lat' dir='ltr'>bie</span> 
     </span>
     <span class='ocr_line' id='line_1_43' title="bbox 282 4193 1424 4264; baseline -0.005 -11"><span class='ocrx_word' id='word_1_479' title='bbox 282 4201 350 4254; x_wconf 80' lang='lat' dir='ltr'>cinit</span> <span class='ocrx_word' id='word_1_480' title='bbox 378 4200 540 4264; x_wconf 75' lang='lat' dir='ltr'>exaequari</span> <span class='ocrx_word' id='word_1_481' title='bbox 567 4213 630 4253; x_wconf 85' lang='lat' dir='ltr'>enm</span> <span class='ocrx_word' id='word_1_482' title='bbox 662 4197 840 4252; x_wconf 81' lang='lat' dir='ltr'>multitudine</span> <span class='ocrx_word' id='word_1_483' title='bbox 867 4195 1028 4251; x_wconf 78' lang='lat' dir='ltr'>lacoontos,</span> <span class='ocrx_word' id='word_1_484' title='bbox 1060 4195 1195 4261; x_wconf 79' lang='lat' dir='ltr'>Cicerone</span> <span class='ocrx_word' id='word_1_485' title='bbox 1213 4195 1330 4249; x_wconf 83' lang='lat' dir='ltr'>consule</span> <span class='ocrx_word' id='word_1_486' title='bbox 1347 4193 1424 4260; x_wconf 77' lang='lat' dir='ltr'>refe-</span> 
     </span>
     <span class='ocr_line' id='line_1_44' title="bbox 282 4262 1424 4333; baseline -0.005 -12"><span class='ocrx_word' id='word_1_487' title='bbox 282 4270 395 4322; x_wconf 79' lang='lat' dir='ltr'>enices.</span> <span class='ocrx_word' id='word_1_488' title='bbox 425 4268 518 4331; x_wconf 80' lang='lat' dir='ltr'>itaque</span> <span class='ocrx_word' id='word_1_489' title='bbox 535 4266 716 4321; x_wconf 61' lang='lat' dir='ltr'>rendendum</span> <span class='ocrx_word' id='word_1_490' title='bbox 734 4281 839 4333; x_wconf 78' lang='lat' dir='ltr'>propo·</span> <span class='ocrx_word' id='word_1_491' title='bbox 867 4271 947 4320; x_wconf 90' lang='lat' dir='ltr'>rente</span> <span class='ocrx_word' id='word_1_492' title='bbox 965 4270 1083 4319; x_wconf 76' lang='lat' dir='ltr'>senetur</span> <span class='ocrx_word' id='word_1_493' title='bbox 1099 4263 1227 4329; x_wconf 76' lang='lat' dir='ltr'>prandio</span> <span class='ocrx_word' id='word_1_494' title='bbox 1244 4265 1270 4316; x_wconf 81' lang='grc' dir='ltr'>ει</span> <span class='ocrx_word' id='word_1_495' title='bbox 1287 4262 1368 4327; x_wconf 70' lang='lat' dir='ltr'>nolno</span> <span class='ocrx_word' id='word_1_496' title='bbox 1381 4276 1424 4316; x_wconf 77' lang='lat' dir='ltr'>er-</span> 
     </span>
     <span class='ocr_line' id='line_1_45' title="bbox 282 4329 1426 4396; baseline -0.006 -8"><span class='ocrx_word' id='word_1_497' title='bbox 282 4337 329 4388; x_wconf 83' lang='lat' dir='ltr'>sni</span> <span class='ocrx_word' id='word_1_498' title='bbox 341 4343 430 4388; x_wconf 86' lang='lat' dir='ltr'>tomen</span> <span class='ocrx_word' id='word_1_499' title='bbox 441 4333 464 4387; x_wconf 89' lang='lat' dir='ltr'>si</span> <span class='ocrx_word' id='word_1_500' title='bbox 474 4331 507 4387; x_wconf 83' lang='lat' dir='ltr'>ab</span> <span class='ocrx_word' id='word_1_501' title='bbox 518 4333 610 4388; x_wconf 85' lang='lat' dir='ltr'>amicis</span> <span class='ocrx_word' id='word_1_502' title='bbox 621 4333 756 4396; x_wconf 83' lang='lat' dir='ltr'>laudatur,</span> <span class='ocrx_word' id='word_1_503' title='bbox 769 4331 839 4387; x_wconf 91' lang='lat' dir='ltr'>mul·</span> <span class='ocrx_word' id='word_1_504' title='bbox 867 4338 931 4386; x_wconf 80' lang='lat' dir='ltr'>rent</span> <span class='ocrx_word' id='word_1_505' title='bbox 942 4333 1012 4386; x_wconf 86' lang='lat' dir='ltr'>doto</span> <span class='ocrx_word' id='word_1_506' title='bbox 1024 4348 1041 4384; x_wconf 87' lang='lat' dir='ltr'>o</span> <span class='ocrx_word' id='word_1_507' title='bbox 1052 4331 1214 4384; x_wconf 82' lang='lat' dir='ltr'>candidatis</span> <span class='ocrx_word' id='word_1_508' title='bbox 1224 4336 1325 4384; x_wconf 86' lang='lat' dir='ltr'>contro</span> <span class='ocrx_word' id='word_1_509' title='bbox 1337 4329 1426 4394; x_wconf 65' lang='lat' dir='ltr'>terem</span> 
     </span>
     <span class='ocr_line' id='line_1_46' title="bbox 282 4395 1384 4468; baseline -0.004 -13"><span class='ocrx_word' id='word_1_510' title='bbox 282 4401 393 4456; x_wconf 87' lang='lat' dir='ltr'>titudini</span> <span class='ocrx_word' id='word_1_511' title='bbox 406 4408 483 4468; x_wconf 80' lang='lat' dir='ltr'>grata</span> <span class='ocrx_word' id='word_1_512' title='bbox 496 4408 546 4455; x_wconf 86' lang='grc' dir='ltr'><strong>εει.</strong></span> <span class='ocrx_word' id='word_1_513' title='bbox 867 4415 930 4457; x_wconf 78' lang='lat' dir='ltr'>esse</span> <span class='ocrx_word' id='word_1_514' title='bbox 943 4399 1071 4455; x_wconf 83' lang='lat' dir='ltr'>decreuit</span> <span class='ocrx_word' id='word_1_515' title='bbox 1084 4398 1150 4465; x_wconf 79' lang='lat' dir='ltr'>(nro</span> <span class='ocrx_word' id='word_1_516' title='bbox 1162 4395 1317 4463; x_wconf 78' lang='lat' dir='ltr'>Mureno§</span> <span class='ocrx_word' id='word_1_517' title='bbox 1330 4398 1384 4461; x_wconf 86' lang='grc'><strong><em>67).</em></strong></span> 
     </span>
    </p>

    <p class='ocr_par' dir='ltr' id='par_1_8' title="bbox 328 4468 840 4535">
     <span class='ocr_line' id='line_1_47' title="bbox 328 4468 840 4535; baseline 0.01 -16"><span class='ocrx_word' id='word_1_518' title='bbox 328 4474 344 4519; x_wconf 86' lang='grc'><strong><em>4</em></strong></span> <span class='ocrx_word' id='word_1_519' title='bbox 361 4468 404 4524; x_wconf 81' lang='lat' dir='ltr'>lae</span> <span class='ocrx_word' id='word_1_520' title='bbox 417 4476 448 4523; x_wconf 90' lang='lat' dir='ltr'>ut</span> <span class='ocrx_word' id='word_1_521' title='bbox 460 4471 550 4534; x_wconf 70' lang='lat' dir='ltr'>monis</span> <span class='ocrx_word' id='word_1_522' title='bbox 563 4484 646 4535; x_wconf 81' lang='lat' dir='ltr'>qnam</span> <span class='ocrx_word' id='word_1_523' title='bbox 660 4468 701 4523; x_wconf 80' lang='lat' dir='ltr'>lec</span> <span class='ocrx_word' id='word_1_524' title='bbox 714 4468 840 4524; x_wconf 86' lang='lat' dir='ltr'>concele-</span> 
     </span>
    </p>
   </div>
   <div class='ocr_carea' id='block_1_7' title="bbox 0 0 1659 5206">
    <p class='ocr_par' dir='ltr' id='par_1_9' title="bbox 0 0 1659 5206">
     <span class='ocr_line' id='line_1_48' title="bbox 0 0 1659 5206; baseline 0 0"><span class='ocrx_word' id='word_1_525' title='bbox 0 0 1659 5206; x_wconf 95' lang='lat' dir='ltr'> </span> 
     </span>
    </p>
   </div>
  </div>
 </body>
</html>
