3304 5206
517 455 848 506 counsnranronvn
870 416 1070 503 summotus
1100 438 1103 443 “
1320 437 1361 502 61

281 614 381 674 ⁴Haec
404 611 561 675 veniebant
583 613 655 674 mihi
677 615 708 674 in
724 621 852 675 mentem
869 613 906 673 de
928 611 1043 674 duabus
1063 611 1120 672 illis
1143 611 1327 690 cogitationi·
1342 621 1463 674 xllllat
1535 622 1537 626 ⁴
1612 674 1616 681 ,

219 724 274 785 bus
296 710 461 795 matutinis,
491 724 569 801 quod
599 722 653 785 tibi
681 724 789 784 cotidie
818 724 853 785 ad
881 723 978 783 lorum
1001 722 1194 784 descendenti
1216 720 1361 781 meditan-

219 833 288 895 dum
313 853 378 895 esse
400 834 532 896 dixeram
557 838 662 896 ‘novus
678 834 753 903 suin,
779 831 964 895 consulatum
985 836 1078 913 peto'.
1118 833 1236 893 tertium
1253 837 1361 893 restat:
1448 857 1453 871 x

219 944 323 1006 ‘Roma
340 949 395 1005 est’
419 945 521 1006 civitas
537 963 573 1005 ex
595 946 747 1006 nationum
771 950 918 1006 conventu
934 943 1101 1012 constituta,
1125 943 1155 1002 in
1179 940 1363 1020 qna'rnultae

192 1054 356 1125 sinsidiae,
386 1053 476 1116 merita
506 1054 635 1124 fallacia,
665 1052 756 1115 mrrlta
783 1055 814 1113 in
842 1053 923 1113 omni
952 1070 1064 1130 genere
1096 1053 1165 1114 vitia
1197 1059 1361 1126 versantur,

218 1164 379 1226 multorum
408 1166 592 1244 arrogantia,
621 1163 782 1225 mulierum
818 1164 1018 1232 contumacia,
1050 1160 1210 1223 multorum
1241 1160 1361 1222 malivo-

218 1274 322 1343 lentia,
353 1273 513 1336 multorum
541 1273 696 1356 superbia,
726 1273 887 1336 multorum
916 1271 1015 1334 odium
1045 1292 1080 1334 ac
1107 1270 1240 1333 molestia
1263 1272 1362 1352 perie-

218 1385 310 1446 renda
334 1392 386 1445 est.
431 1385 517 1452 video
541 1403 608 1447 esse
631 1387 729 1464 magni
751 1383 867 1446 consilii
890 1390 977 1461 atque
1000 1385 1071 1444 artis
1092 1383 1121 1442 in
1144 1389 1187 1443 tot
1208 1368 1361 1442 hominum

218 1494 468 1573 cuiusquemodi
497 1497 575 1556 vitiis
604 1497 751 1574 tantisque
778 1502 945 1555 versantem
968 1495 1061 1554 vitare
1084 1492 1290 1562 offensionem,
1320 1493 1362 1576 vij

180 1626 204 1664 10
218 1612 282 1666 tare
304 1604 443 1676 tabulam,
467 1607 560 1666 vitare
582 1605 713 1674 insidias,
738 1623 803 1665 esse
818 1616 919 1664 'unum
939 1603 1091 1665 hominem
1108 1602 1361 1688 accommodatum

218 1715 254 1775 ad
276 1722 388 1775 tantam
411 1733 528 1776 morum
552 1734 586 1775 ae
609 1733 780 1776 sermonum
809 1732 844 1774 ec
873 1711 1053 1775 voluntatum
1076 1715 1258 1775 varietatem.
1304 1729 1360 1790 qua
1379 1720 1412 1768 55
1500 1717 1504 1725 '

219 1843 251 1885 re
279 1827 367 1886 etiam
396 1831 484 1904 atque
514 1827 604 1886 etiam
633 1840 724 1905 perge
751 1833 855 1886 tenere
884 1825 969 1885 istem
996 1826 1072 1884 viam
1101 1824 1360 1904 quaminstitisti:

286 2055 300 2103 1
319 2052 535 2118 cogitationibus
552 2054 665 2118 scripsi:
681 2053 910 2103 commotionibus
930 2049 934 2116 Ι
953 2055 969 2103 2
988 2052 1059 2116 quod
1077 2052 1230 2109 Lambinus:
1250 2068 1265 2102 o
1282 2067 1362 2116 snper

218 2123 280 2186 qid
296 2129 335 2171 est
352 2135 406 2185 quo
432 2119 437 2184 Ι
465 2122 580 2172 cottidie
606 2123 612 2184 Ι
638 2121 824 2172 3nouissimr‘1
843 2121 1013 2171 consulatum
1041 2118 1045 2184 Ι
1072 2120 1209 2171 bmultae
1228 2119 1360 2169 fallaciae

218 2190 354 2239 [iambicam
379 2186 394 2253 Ι-
410 2190 488 2239 uicis
514 2187 518 2248 Ι
545 2190 660 2240 buiciis
687 2187 691 2254 1
714 2188 868 2240 mattarum
887 2189 1151 2238 etiamaeeessitex
1169 2187 1212 2254 L}
1233 2188 1361 2237 institisti

218 2257 359 2307 Gruterus:
377 2258 524 2307 instituisti
610 2288 613 2294 ι

286 2459 385 2509 lmilri
401 2459 594 2509 ueniebantL
622 2457 626 2524 Ι
653 2458 880 2509 commotionibus
901 2460 922 2508 L
942 2465 1050 2522 praeter
1069 2460 1086 2509 3
1106 2463 1141 2510 36
1158 2462 1192 2522 dd
1212 2463 1259 2509 117
1289 2476 1360 2510 com-

217 2527 415 2577 monitionibus
433 2527 555 2577 babentes
571 2529 641 2593 quod
656 2529 722 2577 idem
739 2528 894 2591 adscriptam
912 2534 951 2577 est
968 2529 994 2585 in
1012 2530 1022 2576 1
1038 2530 1074 2594 38
1100 2526 1104 2592 Ι
1130 2531 1145 2577 2
1170 2543 1222 2592 quo
1245 2529 1360 2593 Lprae-

122 2599 124 2603 '
218 2603 258 2644 ter
274 2598 308 2645 50
323 2593 327 2659 Ι
344 2595 444 2644 cotidie
462 2611 511 2659 per
528 2611 543 2644 c
560 2598 569 2643 1
587 2598 604 2644 3
624 2592 629 2659 Ι
648 2597 664 2645 3
683 2595 837 2645 dixeramus
856 2596 880 2644 L
898 2595 1089 2644 desideramus
1107 2599 1116 2644 1
1134 2599 1169 2645 36
1192 2594 1196 2659 Ι
1215 2598 1231 2645 5
1248 2610 1360 2646 uersen-

138 2690 142 2698 ι
178 2702 180 2705 .
218 2667 262 2711 tur
280 2666 289 2711 1
307 2666 324 2712 3
343 2666 378 2712 36
396 2665 429 2712 47
448 2661 452 2727 Ι
472 2664 488 2712 6
506 2662 871 2722 maliuol‘entissiet336
889 2665 924 2711 38
942 2659 1020 2729 1171
1045 2662 1142 2712 radia
1160 2665 1183 2711 L
1201 2663 1362 2729 praeteriri

219 2733 305 2791 3848
324 2733 356 2779 49
382 2730 386 2794 Ι
412 2725 428 2780 e
452 2731 605 2780 cuiusmodi
627 2732 806 2780 14849117
828 2731 961 2780 eiusmodi
983 2734 1042 2782 156
1066 2728 1070 2796 Ι
1096 2738 1252 2781 uersantem
1270 2731 1360 2780 uitare

133 2801 136 2805 ’
217 2798 334 2851 insidias
356 2800 445 2849 mediis
467 2800 590 2849 emissist
608 2800 625 2849 3
646 2796 655 2863 -Ι
681 2800 710 2847 11
735 2803 764 2848 et
785 2798 957 2848 uoluntatum
980 2801 1214 2849 1384849117
1239 2797 1244 2864 Ι
1271 2802 1302 2848 12
1320 2800 1360 2848 in-

218 2866 331 2916 stituisti
350 2868 425 2917 etiam
443 2867 466 2916 L
1281 2869 1285 2877 ’

269 3071 284 3116 1
310 3062 541 3121 commotionibus
571 3083 589 3120 a
613 3082 690 3133 puro
714 3081 776 3122 ser·
802 3067 874 3121 niam
886 3068 1067 3134 particulae:
1091 3070 1173 3123 imma
1186 3067 1361 3125 luculentum

218 3148 299 3188 mone
309 3133 452 3195 abhorret,
462 3136 637 3201 praesertim
645 3150 709 3188 enm
719 3151 777 3189 non
801 3134 890 3190 babes
902 3136 1063 3203 exemplum
1074 3153 1129 3203 auo
1138 3153 1297 3203 pronomen
1313 3138 1361 3193 de'·

218 3202 353 3267 adiuncto
365 3203 454 3257 animi
466 3204 577 3256 nomine
594 3202 681 3256 lateat
693 3204 723 3256 in
736 3209 776 3257 te·
800 3204 909 3269 flexum
927 3219 990 3259 esse
1009 3205 1038 3258 in
1056 3207 1283 3261 coniunctionem
1291 3221 1360 3274 per-

219 3269 325 3324 nebris.
353 3268 615 3324 commonitionibus
632 3271 707 3337 quod
727 3286 775 3326 ue·
802 3273 952 3337 spiciatur.
1072 3318 1074 3321 .
1326 3279 1330 3285 ’

219 3344 265 3392 tus
292 3342 440 3392 corrector
462 3339 586 3402 inuenit,
611 3339 735 3394 alienum
758 3356 776 3393 a
845 3339 1360 3396 tciuitatsmexnationumconuentu

218 3403 315 3459 Marci
332 3420 461 3471 persona
482 3421 540 3460 non
556 3408 688 3472 conqruit
712 3421 776 3461 cum
802 3407 982 3461 constitutam
997 3406 1057 3475 fuit
1072 3409 1121 3474 aui
1132 3407 1171 3462 ad
1182 3410 1308 3473 aricinos
1320 3411 1359 3463 ci-

220 3473 369 3528 matutinis.
410 3488 499 3540 neque
523 3473 675 3529 Patermus
689 3474 778 3541 -aaod
803 3476 901 3530 uitatis
912 3481 940 3530 et
951 3475 1063 3542 Aequos
1082 3474 1251 3543 Volscosque
1264 3475 1359 3544 refer-

154 3608 158 3611 „
219 3541 365 3595 substituit
398 3540 673 3596 commentationibus
709 3540 778 3595 mibi
803 3547 863 3597 ret:
880 3548 910 3597 tu
923 3549 1052 3609 receptos
1069 3546 1100 3598 in
1112 3545 1256 3598 ciuitatem
1268 3548 1360 3611 ceaita

216 3608 358 3674 probatur
379 3614 500 3674 propter
525 3609 679 3675 inlepidum
701 3609 777 3665 bane
804 3611 843 3664 tat
856 3608 1026 3677 massaritios
1049 3611 1177 3666 domines
1201 3611 1361 3668 libertinos-

219 3676 448 3741 aompositionem
469 3675 622 3743 uerborum
642 3675 709 3732 hacc
730 3693 777 3732 nc·
803 3693 856 3744 que
884 3679 1008 3745 undique
1037 3684 1183 3733 terrarum
1212 3679 1358 3749 oriundos.

220 3742 331 3797 niebant
348 3743 376 3797 in
388 3750 506 3796 mentem
523 3743 557 3797 de
569 3745 776 3799 commentatio·
803 3743 1360 3814 fallaciaseruaui,tametsieonfiniaitie

220 3809 309 3865 nibus.
340 3809 469 3876 praetuli
489 3825 539 3877 eae
561 3811 776 3880 cogitationibus
803 3813 917 3868 insidiae
927 3813 986 3869 illic
998 3814 1065 3881 uitia
1074 3814 1221 3880 pluratiue
1231 3813 1359 3884 efferun-

219 3879 295 3946 quod
311 3895 329 3932 a
342 3878 399 3946 fide
411 3877 518 3951 codicis
536 3895 593 3933 non
605 3882 646 3934 ita
658 3881 778 3936 discedit
803 3886 852 3935 tur
863 3887 891 3936 et
903 3887 1016 3938 ueteres
1029 3883 1188 3938 nominibus
1199 3886 1268 3950 nari
1279 3884 1360 3938 modo

220 3947 332 4013 tenuius
349 3946 402 4000 sed
417 3945 610 4001 mediocritate
632 3962 687 4002 sua
703 3963 776 4003 com·
802 3947 1279 4017 factisutipluratiueeonsuerunt
1294 3954 1360 4018 quia

220 4015 372 4087 mandatur
384 4019 411 4068 et
427 4015 582 4069 imitatione
591 4017 721 4081 prooemi
731 4012 777 4083 §2
804 4031 988 4071 numerorum
1012 4019 1236 4084 discrepantiam
1259 4035 1359 4074 conso.-

220 4083 316 4136 ciuitas
333 4097 405 4150 quae
421 4081 458 4136 sit
474 4082 577 4150 cogita,
600 4082 668 4150 quid
690 4090 777 4151 petas,
804 4086 903 4138 nantia
927 4085 1078 4155 dictorum¹
1090 4085 1202 4141 eleuari
1214 4087 1358 4153 putabam.

220 4149 269 4226 qui
282 4149 328 4204 sis.
356 4150 458 4205 ibidem
475 4165 547 4217 quae
563 4150 697 4217 teguntur
709 4151 778 4206 coti·
803 4152 880 4206 iiiam
893 4167 950 4207 non
962 4152 1056 4208 minus
1072 4155 1106 4208 in.
1119 4151 1141 4223 5
1152 4159 1185 4205 50
1202 4156 1362 4223 despicatui

140 4253 144 4261 .
221 4218 265 4270 dre
281 4215 331 4270 tibi
343 4216 396 4272 hoc
414 4217 638 4280 meditandumst,
660 4234 723 4273 eum
736 4221 778 4272 eis
803 4220 945 4274 babuerat
960 4236 1024 4276 eam
1040 4221 1068 4276 in
1086 4221 1261 4278 contionibus
1275 4238 1306 4277 ac
1318 4224 1361 4276 iu-

220 4286 344 4338 concinit
356 4287 468 4341 omnino
480 4286 553 4340 daec
562 4287 660 4354 forma
673 4289 777 4342 oratio·
804 4287 875 4342 dicio
900 4289 979 4343 'dixit
1002 4304 1097 4357 paene
1124 4289 1265 4356 ambiana,
1295 4307 1360 4358 nain

221 4352 267 4406 nis
290 4351 366 4420 quod
392 4351 440 4407 tibi
468 4353 569 4409 cotidie
592 4352 777 4409 meditandum
800 4363 1013 4421 praeposuerat
1026 4357 1250 4421 oratione,nulia
1265 4360 1360 4417 reim:

220 4434 280 4473 esse
298 4420 429 4481 dixeram,
449 4436 484 4475 ne
502 4423 532 4475 in
548 4438 605 4490 quo
622 4423 697 4488 qnod
713 4421 780 4477 iibri
801 4424 916 4489 peditus
951 4441 987 4478 uo
1004 4427 1098 4480 minus
1115 4426 1291 4493 adaequaret
1308 4443 1360 4481 nu·

221 4492 317 4545 tenent
333 4502 430 4543 omnes
448 4494 542 4544 notam
562 4505 688 4558 quaeras
708 4506 779 4562 quo·
804 4497 913 4546 mertam
925 4441 1044 4548 elcendo
1057 4491 1173 4552 iudiciis.
