3304 5206
185 341 383 477 lun

291 562 496 622 commendari
516 563 606 620 aolrrit
628 563 659 621 in
681 562 807 621 secundi
827 560 865 619 de
886 566 1004 619 oratore
1025 561 1098 622 libri
1105 560 1299 643 prooemio§
1318 569 1354 620 to
1368 560 1437 641 quid

294 671 341 723 tua
364 669 462 742 lratest
485 663 618 723 oratione
641 660 851 723 autsubtilius
873 668 924 722 eut
947 663 1080 722 ornatius
1103 663 1199 731 ossei,
1222 666 1439 738 neplepentiam

293 782 363 826 uero
384 767 557 826 elocutionis
579 766 670 824 talem
697 762 877 824 incredibile
907 770 952 823 est
981 782 1057 843 eluse
1081 781 1135 842 ego
1158 763 1225 825 illos
1247 767 1310 825 scio
1333 763 1439 825 lenisse

293 869 369 928 etsi
390 883 449 941 aua
471 869 534 926 alia
557 869 653 926 minus
680 867 752 926 bene
779 867 861 926 diota
884 867 1156 942 deprehenduntur,
1179 869 1251 926 leuis
1272 869 1440 943 scripturae

292 971 485 1043 testinatione
505 972 651 1029 excusari
671 984 775 1029 aecum
797 975 849 1026 est.
888 975 1052 1044 praeterea
1078 969 1180 1039 (luinti
1205 984 1440 1029 commemoran-

251 1121 253 1126 s
295 1082 344 1132 tur
369 1072 515 1145 epistulae
541 1073 572 1129 in
600 1070 693 1128 tribus
719 1073 916 1144 epistularum
943 1053 1028 1130 libris
1056 1088 1075 1129 a
1105 1073 1213 1130 Marco
1241 1070 1284 1129 ad
1306 1069 1440 1143 fratrem

294 1174 476 1248 scriptarum
498 1175 580 1232 intra
602 1186 697 1231 annos
712 1170 918 1231 BCLXXXX
925 1173 951 1230 V
971 1181 999 1231 et
1014 1173 1091 1232 DCC
1109 1180 1139 1231 et
1149 1187 1349 1246 permupnom
1370 1174 1441 1245 qui-

296 1275 362 1334 dam
383 1281 500 1348 partem
521 1275 587 1351 ipso
608 1289 687 1332 anno
708 1272 794 1346 DCC,
818 1275 850 1333 in
872 1275 977 1347 quibus
998 1275 1187 1334 creberrume
1207 1289 1246 1332 ue
1256 1289 1353 1349 prope
1367 1290 1442 1333 oon-

215 1454 219 1471 (
297 1378 424 1436 tinenter
445 1380 625 1450 arpumenta
648 1381 789 1435 notantur
814 1374 913 1445 Quinti
940 1377 1109 1435 litterarum
1137 1375 1175 1435 de
1202 1375 1290 1435 rebus
1314 1368 1442 1451 publicis

296 1476 516 1551 celebribuspue
538 1476 711 1544 homiuibus,
735 1478 772 1537 de
794 1478 1050 1550 aedificationibus
1071 1494 1108 1537 ao
1127 1479 1278 1552 pecuniis,
1302 1478 1339 1537 do
1359 1477 1443 1537 libris
1544 1510 1548 1517 ·

296 1588 325 1640 et
346 1580 504 1639 doetrinae
525 1579 639 1640 studiis.
676 1596 712 1639 ea
734 1582 885 1641 uolumina
907 1579 951 1638 od
971 1582 1062 1639 uitam
1086 1579 1188 1650 Quinti
1206 1581 1442 1653 capnosoendam

298 1685 434 1760 altaeque
454 1684 587 1743 rationes
609 1682 764 1742 utilissima
792 1686 859 1742 nolo
885 1681 1091 1758 percensenda
1116 1687 1267 1751 excutere,
1301 1700 1338 1742 ne
1369 1685 1443 1742 iusta

297 1784 415 1859 lanpius
436 1799 560 1858 suaper,
589 1785 665 1844 baee
691 1791 806 1845 tantum
835 1785 893 1844 bue
915 1785 1116 1845 transcribere
1137 1785 1230 1844 uisam
1252 1790 1296 1843 est
1315 1784 1335 1843 I
1357 1792 1383 1863 2,
1409 1790 1443 1841 13

298 1893 396 1946 cetere
424 1885 544 1946 luerunt
571 1888 603 1946 in
632 1884 735 1945 eadem
764 1884 1047 1971 epistolaxgreviora
1071 1902 1159 1962 quam
1183 1884 1302 1945 vetlem:
1334 1876 1444 1963 ὀρθὰν
1534 1958 1536 1963 Ι

298 1980 360 2047 τὰν
388 1987 476 2047 ναῦν
504 1996 534 2046 et
561 1982 648 2061 ἅπαξ
676 1990 800 2047 θανεῖν
829 1991 1035 2049 contumaciae
1062 1996 1092 2048 et
1119 1989 1334 2063 desperationis
1360 1970 1444 2048 uoces

289 2107 373 2167 ¹quas
403 2108 420 2150 e
449 2090 607 2165 prouerbio
639 2106 752 2163 praeeo
790 2097 819 2149 et
858 2091 996 2167 Aesobpli
1030 2090 1206 2150 Prometheo
1243 2097 1445 2165 assumpserat

298 2192 336 2250 II
358 2199 385 2261 4,
409 2197 428 2248 3
450 2182 666 2270 ἀμφιλαφίαν
687 2189 767 2250 illam
791 2208 878 2269 quom
903 2199 933 2250 tu
956 2192 1033 2251 soles
1056 2190 1157 2252 dicere
1180 2190 1258 2250 bono
1282 2192 1371 2251 modo
1394 2191 1444 2251 rte·

299 2291 400 2353 sidero
452 2298 499 2357 11,
530 2298 545 2349 1
577 2294 632 2352 risi
665 2293 780 2366 ‘nivem
811 2295 922 2353 otram’
952 2300 1040 2371 teque
1073 2290 1160 2352 hilari
1193 2295 1293 2352 animo
1323 2312 1387 2353 esse
1418 2300 1447 2352 ot

300 2400 438 2473 prompto
461 2392 496 2453 ed
520 2393 678 2454 meandum
701 2393 785 2453 vitoe
806 2412 853 2454 me
874 2396 954 2454 iuvat
997 2401 1041 2471 13,
1059 2403 1078 2453 4
1099 2406 1132 2456 tu
1155 2412 1243 2473 quem
1266 2394 1444 2456 admodum

301 2513 349 2556 me
370 2513 473 2555 nenses
495 2501 635 2573 oportere
658 2512 723 2554 esse
745 2503 775 2554 et
796 2497 827 2554 in
846 2514 878 2555 re
896 2492 1014 2574 publice
1033 2503 1062 2555 et
1083 2498 1113 2556 iu
1136 2498 1248 2556 nostris
1271 2497 1445 2566 inimicitiis,

301 2599 341 2658 ita
364 2602 394 2656 et
415 2614 481 2657 esse
504 2604 532 2657 et
555 2596 618 2657 lore
641 2595 775 2658 auricula
800 2597 901 2656 intima
917 2599 992 2657 seito
1015 2596 1183 2658 molliorem
1204 2615 1245 2658 eu
1259 2599 1364 2671 auibus
1378 2600 1447 2658 imi-

301 2702 437 2759 tationem
459 2702 576 2760 conieci
593 2699 703 2758 Catulli
722 2703 753 2760 in
776 2700 876 2759 indiae
897 2700 1069 2758 scholarum
1084 2684 1279 2760 hibernarum
1296 2701 1447 2776 Grppisil-

302 2818 378 2861 uano
405 2803 481 2860 anni
502 2807 580 2860 teos
605 2818 636 2876 p.
663 2808 699 2860 16
757 2809 809 2874 14,
841 2803 918 2869 2111
935 2783 1028 2859 'brevi
1058 2798 1184 2878 epistula
1212 2801 1449 2879 πραγματικῶς

303 2901 385 2961 ratde
408 2904 556 2981 scripsisti
605 2904 660 2962 III
682 2911 711 2975 1,
737 2910 771 2962 19
796 2904 901 2964 Cicero
931 2911 999 2962 tuus
1028 2902 1109 2962 dedit
1131 2903 1206 2962 milri
1230 2902 1383 2981 epistulam
1406 2903 1447 2964 le·

303 3003 428 3082 gendum
451 3012 531 3065 tuam
556 3021 644 3081 quam
667 3004 755 3084 paulo
771 3011 839 3065 ante
855 3011 1012 3084 acceperat
1027 3003 1245 3084 Aristophaneo
1261 3004 1349 3066 modo
1365 3002 1448 3065 valde

304 3105 474 3167 mehercule
503 3113 533 3165 et
559 3121 679 3167 suavem
709 3114 738 3166 et
766 3125 885 3184 gravem
915 3125 971 3186 que
999 3125 1063 3166 sum
1093 3104 1253 3169 admodum
1276 3105 1474 3193 delectatus

302 3226 342 3268 eu
366 3208 466 3267 Gallio
494 3205 619 3279 adferri
643 3208 700 3267 sibi
724 3209 839 3268 litteras
866 3225 925 3268 non
947 3211 1051 3268 totiens
1072 3224 1099 3294 a.
1119 3207 1254 3268 Trebatio
1276 3210 1408 3282 quotiens
1430 3225 1449 3266 a

306 3310 411 3381 Quinto
437 3308 563 3368 Murcus
595 3311 642 3369 illi
667 3309 833 3384 euprobrat
868 3310 932 3371 VII
959 3316 990 3382 7,
1023 3317 1048 3368 1.
1099 3311 1177 3369 idem
1204 3311 1302 3369 Attico
1327 3326 1381 3369 suo
1413 3310 1451 3367 de

303 3411 437 3486 epistulis
459 3410 560 3481 outnn
579 3413 729 3484 sipnitioat
749 3413 788 3472 ab
811 3427 891 3471 anno
906 3410 1084 3472 natm
1087 3411 1135 3473 VI
1152 3411 1195 3470 ad
1208 3411 1288 3470 1100
1306 3417 1336 3469 et
1357 3427 1451 3479 aeerss

304 3514 369 3573 bins
388 3513 538 3588 plurumis
558 3514 766 3574 iniuriosiusne
791 3516 912 3590 seriptis
939 3514 977 3572 ab
1006 3528 1086 3571 antro
1113 3513 1191 3572 1100
1198 3511 1260 3570 VII
1279 3511 1323 3570 od
1342 3511 1454 3570 aaut

305 3613 490 3673 lustaus!
509 3621 579 3686 αν
623 3620 800 3683 17‚1et4
846 3621 888 3682 ro,
915 3621 949 3672 11
991 3598 1030 3672 11
1051 3620 1119 3685 r‚s
1165 3620 1255 3682 rna
1298 3613 1356 3671 111
1376 3619 1451 3680 mr

308 3721 396 3787 18,2
440 3721 526 3783 22,1
571 3723 609 3775 26
651 3716 727 3774 IIII
746 3723 770 3788 1,
792 3723 814 3774 ’4
858 3722 927 3783 9,2
973 3722 1017 3789 15,
1035 3722 1071 3773 to
1115 3721 1197 3780 to,7
1248 3721 1330 3783 18‚5
1376 3721 1452 3783 ins

307 3816 576 3886 Xlo,2ta,1
623 3796 1195 3890 1-2,113,2α14’15,216,4
1241 3822 1452 3885 21,122,l

310 3924 397 3987 23,2
439 3918 528 3978 XIII
548 3926 637 3987 41,1
681 3919 784 3978 4712
811 3926 918 4004 112
959 3918 1067 3977 XIIII
1085 3925 1165 3987 10,4
1209 3923 1251 3987 to,
1269 3925 1296 3976 3.
1341 3918 1452 3977 clemi-

307 4022 447 4082 litaribus
468 4021 595 4099 denique
618 4021 722 4092 Quinti
741 4022 846 4081 litteris
873 4022 916 4083 ad
938 4023 1114 4085 Caesarem,
1137 4036 1204 4080 aum
1224 4020 1331 4079 Neruii
1350 4009 1453 4079 eastra

307 4127 401 4198 lopati
421 4124 616 4191 obsessissent,
640 4126 671 4182 in
692 4125 912 4184 commentariis
933 4124 1002 4183 belli
1018 4123 1126 4197 palliet
1153 4121 1179 4179 V
1201 4128 1299 4179 4145
1318 4121 1453 4179 49011-

308 4241 361 4286 sar
380 4225 456 4298 feeit
475 4227 660 4287 mentionem.

284 4322 288 4329 ’
399 4327 534 4388 Vidimus
549 4327 687 4398 Quintum
709 4329 858 4402 inpenium
880 4343 964 4405 suum
987 4342 1025 4385 oo
1045 4328 1145 4386 stilum
1167 4326 1210 4383 ad
1230 4324 1382 4383 bistoriom
1395 4321 1455 4395 fa-

309 4431 395 4491 bulas
415 4414 503 4505 epioa
524 4429 726 4503 conferentem
753 4431 844 4504 idque
869 4443 967 4504 paruo
993 4430 1136 4488 mensium
1162 4429 1216 4487 otoo
1237 4426 1336 4486 decem
1358 4426 1455 4502 spatio
