3304 5206
300 371 377 436 12·

296 548 440 606 sententia
462 563 483 605 a
506 545 611 617 Quinto
634 543 934 628 66546666616616
955 562 1041 607 snam
1063 547 1143 608 bana
1163 549 1261 608 sedem
1285 548 1441 610 obtinuisse

294 649 397 722 fertur
417 655 525 709 contra
548 653 636 722 alane
663 652 695 709 in
722 651 828 708 celeris
855 648 941 709 libris
961 650 1093 710 omnibus
1120 651 1233 710 accidit
1252 657 1286 711 ut
1307 651 1349 712 666
1369 668 1441 712 6666

296 752 399 824 aliquo
421 752 586 824 intercepto
607 756 636 809 61
662 752 750 810 iuxta
772 750 930 810 exordium
957 753 1103 825 epistulae
1124 755 1271 813 collocata
1292 754 1323 811 in
1345 755 1441 814 locum

162 914 166 922 ,
209 911 212 916 ,
297 852 450 912 deveniret
470 854 682 912 alienissimum
703 849 727 943 5
745 859 768 921 1,
792 853 878 911 modo
899 851 973 911 16666
996 853 1048 911 6616
1063 855 1162 926 666166
1180 853 1280 926 fuerit
1293 860 1443 914 constaret

293 955 475 1027 fiduciarius
501 970 541 1012 an
568 955 786 1014 coniecturalis.
835 956 1001 1015 consimiles
1034 962 1131 1014 antem
1160 955 1363 1016 Berolinensis
1390 963 1442 1017 aul

296 1072 355 1114 non
382 1057 473 1116 multo
500 1056 663 1116 deteriores
693 1055 824 1116 Turnebi
849 1049 946 1116 codex
973 1062 1002 1116 61
1029 1059 1152 1118 Gruteri
1171 1058 1381 1119 Mauricianus
1403 1074 1440 1119 66

295 1159 453 1218 Ρ61616666
472 1156 564 1228 suae
591 1159 648 1218 sed
667 1160 721 1232 qui
746 1175 840 1232 neque
867 1161 1013 1253 ampliore
1040 1175 1130 1233 anam
1157 1163 1207 1221 ille
1228 1177 1283 1220 666
1307 1161 1441 1232 firmiore

295 1275 420 1333 nusquam
441 1259 570 1318 subsidio
592 1260 824 1319 emendationem
846 1263 991 1320 muniant.
1036 1263 1134 1335 itaque
1156 1264 1224 1320 olim
1246 1262 1365 1336 quidem
1380 1264 1440 1322 illis

296 1363 368 1421 viris
388 1363 460 1420 sotis
477 1359 666 1437 profuerunt
687 1363 745 1420 vim
767 1364 904 1422 vitiorum
926 1365 1068 1424 lavaturis
1083 1365 1248 1432 immanem,
1272 1381 1354 1425 nuno
1368 1380 1440 1427 6666

295 1478 349 1522 666
370 1478 459 1536 aarum
479 1461 589 1534 secisse
610 1462 746 1522 videmur
766 1465 916 1524 iacturam
938 1480 1040 1524 eornm
1062 1480 1156 1539 aequo
1179 1467 1278 1525 animo
1295 1468 1438 1541 patimur.
1470 1448 1472 1452 ¹
1515 1512 1523 1517 .

297 1572 329 1623 61
349 1565 437 1637 16666
464 1566 660 1625 6666666666
687 1566 831 1626 librorum
857 1583 953 1640 penus
973 1567 1113 1628 Italicum
1141 1575 1185 1626 661
1205 1569 1305 1642 quinto
1327 1567 1440 1626 decimo

238 1722 240 1729 ,
296 1668 415 1726 6666666
436 1671 537 1725 natum
564 1644 615 1725 cui
639 1666 906 1741 vaomarsiniani
927 1670 1066 1744 plerique
1102 1670 1262 1729 Vossianus
1284 1668 1440 1729 Parisinus

295 1770 406 1843 aliique
422 1767 608 1841 adsipnandl
623 1774 701 1828 sunt.
745 1785 817 1844 auos
838 1786 875 1828 ne
897 1773 963 1843 qvis
985 1788 1004 1828 a
1026 1771 1214 1832 berolinensi
1230 1774 1439 1847 potiusquam

296 1887 316 1929 a
338 1871 441 1928 viliore
462 1870 593 1929 eiusdem
614 1873 795 1932 recensionis
817 1874 954 1954 evemplo
976 1873 1173 1947 depenerasse
1195 1880 1315 1941 statuat,
1332 1873 1442 1932 babent

296 1972 378 2046 quod
398 1972 480 2031 deest
500 1975 532 2031 in
554 1975 606 2033 illo
632 1990 690 2037 nec
711 1990 785 2033 sanc
806 1974 880 2034 Itali
900 1975 1026 2036 bominis
1047 1978 1222 2036 coniectura
1239 1976 1370 2050 potuisse
1390 1991 1439 2034 re·

293 2076 391 2148 periri
411 2074 551 2133 credetur
571 2071 596 2155 5
619 2081 652 2132 19
674 2078 777 2149 666616
796 2078 869 2151 civis
890 2092 995 2136 nomen
1024 2063 1153 2137 Corneli}
1199 2077 1236 2137 666
1258 2079 1438 2151 661666666-

295 2177 352 2238 lidi
368 2175 491 2250 fructus
512 2193 553 2235 ea
573 2178 616 2236 666
637 2178 714 2236 66661
731 2180 852 2253 percipi
869 2180 998 2251 66666166
1020 2196 1155 2240 assevero
1182 2183 1241 2240 nisi
1267 2185 1300 2238 vlt
1319 2193 1439 2256 proces·

294 2295 345 2338 sus
366 2280 608 2355 corruptelarum
630 2287 828 2352 capnoscatnr
840 2298 937 2356 prope
952 2282 1154 2341 incredibilem
1170 2285 1200 2341 in
1215 2283 1333 2342 modum
1349 2285 1438 2340 inler-

294 2381 423 2458 polandi
447 2381 578 2441 lubidine
602 2388 724 2451 6661666,
753 2385 838 2443 cuius
864 2388 910 2464 vel
936 2387 1098 2444 minumam
1123 2392 1244 2461 partem
1268 2384 1387 2458 suroris
1414 2389 1440 2446 si

293 2484 446 2561 prioribus
466 2499 581 2558 quoque
602 2486 730 2543 sacculis
751 2486 897 2546 attribuas
920 2488 963 2560 (el
976 2503 1013 2546 ne
1028 2487 1103 2546 boec
1118 2488 1236 2561 quidem
1251 2489 1440 2549 abborruisse

296 2588 333 2646 ab
362 2579 588 2660 interpolatione
615 2594 766 2662 receptum
800 2590 831 2647 66
860 2587 1084 2649 Berolinenscm
1116 2589 1259 2649 emblema
1286 2587 1310 2672 5
1338 2597 1355 2649 9
1383 2608 1439 2668 qua

296 2687 460 2749 Catilinnl
447 2689 613 2747 llvcuenter
638 2688 775 2764 profecto
748 2690 983 2750 demons
924 2697 970 2750 66
972 2695 996 2765 t)
1027 2706 1086 2750 non
1113 2698 1174 2751 tam
1201 2694 1357 2752 violentum
1393 2709 1440 2778 me

235 2864 246 2879 „
292 2776 422 2863 fuisse
410 2807 440 2849 66
462 2790 657 2864 repvrpando
674 2790 774 2861 Quinti
792 2807 926 2851 sermone
946 2793 1148 2867 reprehendes
1169 2798 1276 2869 opinor
1297 2811 1386 2868 ovam
1407 2796 1439 2854 66

294 2893 504 2970 expunpendis
522 2892 690 2954 scribarum
712 2894 829 2968 ineptiis
851 2896 938 2954 nimis
965 2897 1085 2955 lentum.
1129 2896 1184 2955 sed
1205 2904 1237 2957 ut
1264 2897 1302 2955 de
1322 2897 1439 2956 Italicis

294 2995 377 3054 libris
396 3010 501 3076 pauca
522 2994 644 3062 addam,
668 2995 825 3056 duodecim
847 2996 1048 3072 Hieronymus
1062 2999 1308 3072 Lapomarsinivs
1328 2999 1371 3057 avl
1383 2998 1439 3058 boc

190 3112 193 3117 ·
294 3098 566 3157 commentariolum
602 3097 783 3157 adhibuerat
816 3102 928 3173 partim
965 3102 1183 3174 manuscriptos
1212 3103 1326 3176 parlim
1363 3103 1439 3176 tppis
1502 3147 1504 3152 .

293 3214 453 3275 cupressos
476 3214 600 3272 quornm
616 3202 715 3258 nullus
734 3206 858 3274 praeter
878 3200 1107 3262 Lambinianum
1129 3217 1252 3262 numero
1275 3210 1314 3261 50
1336 3204 1439 3262 abillo

294 3306 427 3360 notatum
454 3302 522 3359 usui
547 3315 611 3359 meo
639 3302 762 3360 aliunde
786 3308 844 3376 pat
832 3302 923 3375 16661,
952 3319 1022 3362 nam
1049 3303 1142 3363 enS.
1166 3304 1270 3364 Marci
1296 3305 1398 3365 codice
1418 3320 1439 3362 6

295 3400 470 3462 3666666666
489 3404 579 3481 prola
561 3409 613 3461 616
634 3408 664 3461 61
684 3419 846 3478 66666666
868 3412 936 3464 6661
956 3411 985 3464 61
1005 3406 1148 3465 dissident
1174 3407 1349 3480 aliquotiens
1370 3422 1438 3467 cum

293 3503 506 3577 Lapomarsini
533 3504 571 3562 de
603 3510 622 3563 3
651 3521 704 3563 svo
731 3511 786 3565 1166
787 3507 912 3567 66666666.
955 3495 1247 3581 Lapomarsinianae
1273 3494 1439 3568 collationis

293 3607 502 3681 apoprapbum
530 3598 622 3665 nitide
646 3607 716 3680 fact
717 3623 766 3666 um
792 3609 847 3667 sed
871 3624 930 3667 non
955 3626 1082 3683 prorsas
1109 3615 1251 3669 accurate
1279 3611 1439 3670 aIesuitis

288 3723 348 3782 per
376 3709 514 3782 Wapivm
533 3710 712 3782 popularem
732 3726 817 3769 sunm
843 3709 1033 3789 Tpdemanns
1056 3718 1219 3787 acceperat
1239 3715 1292 3787 qui
1315 3717 1439 3786 rapotus

294 3807 332 3866 ab
344 3806 472 3880 alfredo
482 3810 615 3871 Holdero
629 3808 694 3869 6661
695 3825 731 3868 66
744 3815 854 3871 6661
819 3803 854 3870 611
854 3812 922 3871 ndt
910 3818 959 3871 tan
963 3819 1024 3871 mm
1037 3812 1133 3871 sedl
1104 3820 1133 3872 61
1133 3815 1193 3872 iam
1208 3831 1228 3872 a
1229 3816 1272 3872 lia
1229 3813 1322 3872 lde
1338 3813 1440 3883 Quinti

293 3913 531 3972 commentariolo
552 3912 711 3984 consipnal
711 3928 730 3969 a
699 3911 792 3972 166
798 3915 878 3973 6611
866 3916 949 3972 116666
964 3916 1068 3973 6611661
1056 3920 1146 3989 16666
1165 3916 1238 3974 mibi
1252 3914 1437 3989 perbenipne

293 4012 430 4072 tradidit
473 4013 648 4074 6611666666
669 4021 737 4072 6661
756 4015 845 4073 etam
873 4016 1011 4076 Vossiani
1031 4019 1150 4076 66161166
1176 4016 1338 4075 codicisla
1340 4014 1436 4086 stol

293 4130 323 4173 n
348 4118 384 4172 31
406 4129 508 4188 quem
521 4117 622 4189 quinto
645 4116 758 4175 decimo
779 4118 898 4177 saecula
916 4116 1013 4191 foeda
1034 4119 1129 4192 script
1129 4134 1186 4175 ura
1213 4114 1335 4187 confeci
1335 4118 1435 4175 umin

298 4214 847 4291 666666661666666666661666166666
875 4219 917 4278 du
939 4218 1016 4279 Rieu
1037 4236 1083 4279 me
1098 4220 1209 4278 docuit
1197 4217 1438 4291 tlupdunensis

293 4317 379 4377 biblio
380 4318 483 4377 tbecaa
504 4324 610 4389 custos,
633 4321 697 4394 6666
719 4322 762 4379 6661
751 4323 853 4380 1611666
878 4337 919 4379 ex
938 4321 1012 4395 pari
1031 4336 1069 4378 ac
1091 4321 1377 4393 Lapomarsinianos
1399 4326 1437 4378 36

292 4422 527 4496 613816666616
550 4420 622 4480 duct
610 4428 671 4479 tum
688 4438 751 4481 6666
768 4425 913 4499 peiusque
931 4420 1083 4494 deformat
1082 4437 1132 4480 nm
1154 4421 1272 4480 6666666
1295 4420 1434 4482 ludibrio.
