3304 5206
388 632 393 651 ἴ
501 583 606 638 femina
622 583 699 638 nullu
716 584 791 638 bona
809 588 860 651 111,
877 583 923 638 vel
940 583 963 638 si
980 583 1055 638 bona.
1073 583 1192 653 contigit
1209 585 1271 651 ulli,

552 666 646 722 nescio
664 683 719 735 quo
738 668 796 722 fato
814 685 859 722 res
876 668 951 723 mala
969 670 1045 724 facta
1062 668 1137 724 bona
1154 671 1205 723 111.

298 794 353 853 noc
375 791 565 852 tetrastichon
587 794 619 850 in
642 794 763 867 antiquo
785 791 931 854 Simeonis
953 792 1028 852 Bosi
1052 793 1127 853 libro
1153 792 1252 866 fuisse
1279 796 1358 852 inter
1382 796 1446 853 alia

299 886 448 973 quaedam
470 895 586 954 Ausoai
605 900 634 952 ct
655 896 783 953 aliorum
806 904 936 955 ueterum
958 897 1096 954 carmina
1118 911 1173 955 nec
1193 895 1331 955 habuisse
1353 896 1445 954 alium

297 998 411 1055 titulum
434 1011 524 1070 quam
545 998 638 1054 solum
660 997 741 1055 1111111
757 995 976 1055 CICERONIS
994 995 1118 1057 Binetus
1139 998 1287 1066 narrarit,
1311 996 1448 1073 Ciceroni

296 1098 389 1158 tribui
408 1101 438 1158 in
461 1107 557 1157 uetere
570 1097 790 1171 Detloratoram
811 1101 981 1172 exemplari
994 1099 1142 1168 Pitltoeus,
1166 1101 1197 1157 in
1220 1101 1319 1159 multis
1340 1102 1444 1158 aeteri·

297 1200 350 1260 irus
371 1200 521 1260 codicibus
542 1200 679 1259 adtribui
700 1200 838 1260 Ciceroni
857 1200 1002 1274 Scaliper.
1039 1209 1069 1260 11
1089 1200 1132 1259 ad
1147 1200 1287 1272 Quintum
1304 1217 1445 1261 maxume

297 1302 466 1361 Ciceronem
488 1299 647 1372 referendi
666 1302 810 1362 carminis
831 1303 912 1362 111111
925 1303 1038 1362 eruditi
1050 1303 1181 1362 nomines
1194 1319 1332 1362 caussam
1348 1303 1445 1363 111111-

297 1405 369 1462 aaut
394 1402 475 1476 quod
498 1419 608 1476 praaes
638 1404 686 1462 illi
711 1404 900 1478 diutinosque
931 1421 997 1464 oum
1026 1405 1190 1480 Pomponia
1222 1420 1318 1464 11111
1346 1403 1445 1476 fuisse

296 1505 465 1565 discordias
485 1513 701 1579 compererant.
745 1505 889 1565 ltariolao‘
907 1514 1006 1565 autem
1033 1508 1090 1566 alii
1108 1521 1181 1581 quos
1202 1507 1233 1565 in
1250 1505 1444 1580 praefatione

296 1607 420 1667 Petroni
436 1623 468 1681 p.
490 1605 691 1666 XXXVIIII
711 1608 845 1669 indicaui
864 1624 932 1667 cum
953 1609 1094 1671 Petronio
1114 1625 1218 1668 ansus
1239 1613 1293 1668 aut
1312 1609 1442 1669 Ausonio

295 1716 348 1768 aut
368 1708 537 1783 Porphyrio
558 1710 781 1783 adsipnassent,
810 1716 891 1769 recte
912 1713 1019 1784 opinor
1040 1711 1159 1770 codices
1179 1717 1295 1770 secutus
1316 1709 1441 1770 Salmo-

294 1814 413 1871 sianum
443 1811 617 1870 Vossianum
645 1811 820 1872 Iltuancam
847 1812 990 1888 Meperus
1017 1812 1100 1871 dedit
1121 1812 1275 1872 Pentadio.
1320 1812 1441 1872 Cicero·

295 1916 341 1974 nis
363 1928 469 1973 nornen
490 1913 571 1986 quod
583 1915 615 1972 in
630 1911 734 1973 Bineti
746 1912 917 1987 Pitlioeique
930 1914 1007 1985 libro
1023 1911 1087 1984 fuit
1100 1916 1274 1988 impositum,
1297 1913 1331 1973 id
1343 1916 1442 1973 nescio
1497 1898 1506 1906 ⁵

295 2032 335 2073 an
357 2017 447 2074 liceat
467 2017 593 2074 alterius
611 2016 748 2089 eaemplo
768 2016 911 2074 carminis
929 2014 1047 2087 sactum
1070 2016 1170 2075 dicere
1191 2016 1272 2089 quad
1291 2014 1439 2075 1111111-

294 2120 359 2176 sani
381 2119 566 2191 alienamque
584 2119 730 2191 poematis
756 2118 938 2175 interiectum
965 2132 1073 2192 reapse
1097 2115 1199 2187 Quinti
1219 2116 1368 2176 Ciceronis
1388 2122 1439 2176 est.

295 2235 365 2277 nam
393 2221 424 2278 in
459 2220 601 2279 Vossiano
626 2219 729 2279 codice
755 2225 873 2293 optumo
907 2225 958 2275 111
984 2217 1060 2290 solia
1087 2224 1196 2294 quarto
1222 2234 1307 2279 uerso
1329 2219 1443 2278 Ansam·
1490 2278 1494 2289 ,

294 2322 430 2396 idyllium
458 2320 544 2396 XIX
569 2321 721 2393 (editionis
748 2317 930 2395 Bipontlnae
949 2336 980 2394 p.
1007 2324 1076 2394 221)
1103 2320 1152 2379 1111
1179 2323 1312 2394 sequitur
1339 2323 1441 2381 titulus

295 2423 441 2495 ONINII
476 2420 694 2482 CICERONIS
723 2421 776 2481 III
807 2421 967 2481 IIEESVS
1000 2419 1054 2481 EO
1085 2420 1327 2481 PERTINENT
1352 2421 1409 2483 [II
1434 2419 1438 2503 i

296 2524 381 2596 Quod
404 2527 521 2603 signum
544 2542 603 2602 quo
625 2531 759 2604 tempore
782 2523 907 2584 inlustre
924 2524 961 2583 sit
978 2523 1152 2584 mouerimus
1171 2522 1176 2603 Ι
1196 2522 1280 2594 Quod
1303 2524 1440 2603 superius

295 2644 413 2704 quoque
441 2626 552 2686 nostris
580 2625 716 2686 uersibus
744 2625 914 2704 expeditus,
944 2625 1054 2685 deinde
1080 2625 1118 2685 de
1143 2625 1270 2685 zodiaco
1290 2627 1440 2699 sipnr'sque

293 2730 467 2789 caelestibus
493 2743 603 2802 poema
634 2726 841 2803 imperfectum
874 2727 956 2802 quad
982 2729 1012 2786 in
1041 2728 1217 2800 antiolopiis
1245 2725 1440 2785 Burmannus

262 2820 269 2830 ⁴
300 2834 326 2892 t'
349 2837 387 2891 11
408 2836 437 2889 11
457 2829 598 2905 Meperus
618 2837 704 2890 166
725 2829 895 2899 ediderunt,
918 2845 972 2903 epo
995 2827 1119 2900 Alfredi
1138 2827 1264 2888 Holderi
1285 2828 1438 2901 dilipentia

293 2950 360 2994 cum
390 2934 533 2994 Vossiano
560 2932 657 2992 deaao
683 2933 823 2993 collatum
845 2934 952 3007 repetii
969 2948 1049 3006 pone
1070 2932 1350 2990 commentariolum.
1386 2946 1437 2988 ne·

293 3053 350 3110 que
370 3038 448 3095 enim
471 3036 502 3094 11
524 3035 620 3094 uerbis
640 3037 798 3109 quicquam
820 3035 972 3109 reperitur
994 3033 1074 3108 quad
1092 3039 1230 3108 apertam
1251 3035 1331 3092 testis
1352 3035 1438 3092 locu-

291 3141 378 3213 pletis
396 3139 488 3210 fidem
508 3139 650 3208 infirmet,
679 3151 775 3209 neque
797 3138 828 3194 11
850 3144 1038 3209 orpumcnto,
1068 3136 1189 3210 quando
1210 3135 1328 3209 quidem
1352 3134 1440 3193 Arati

290 3243 483 3314 poeticonpue
505 3239 720 3297 astronomicam
739 3236 914 3311 frequentes
935 3237 1049 3297 Romae
1071 3241 1200 3298 cultores
1222 3237 1360 3296 Caesaris
1379 3251 1438 3310 po-

256 3392 263 3406 .
292 3344 438 3401 tissimum
464 3338 677 3413 Octauiamque
703 3338 882 3414 temporibus
910 3341 1036 3399 extitere
1064 3346 1152 3414 atque
1179 3341 1327 3400 aemulum
1350 3339 1438 3395 leuius

292 3443 393 3502 laudis
416 3441 539 3512 Quintus
560 3443 656 3516 ipsum
672 3440 808 3513 fratrem
829 3440 945 3508 ualuit,
975 3457 1069 3515 neque
1096 3443 1127 3499 in
1149 3443 1208 3500 ullo
1230 3441 1437 3513 1111111111-

292 3553 398 3605 traneo
420 3544 539 3603 indicio.
576 3558 714 3602 mancum
735 3557 805 3602 acro
824 3558 931 3616 poema
953 3550 987 3602 ut
1006 3546 1037 3601 in
1059 3558 1116 3615 quo
1130 3541 1284 3601 incolatur
1304 3541 1437 3599 siderum

293 3647 454 3720 descriptio
479 3645 517 3704 111
545 3651 630 3705 arcto
658 3650 687 3701 11
710 3652 847 3718 serpente
874 3650 904 3703 et
930 3644 1154 3719 arctopltplaoe,
1188 3645 1253 3702 alia
1279 3642 1437 3701 addantur

292 3748 390 3815 nulla,
418 3761 477 3805 non
504 3753 564 3805 tam
594 3728 720 3816 Quintus
746 3747 900 3818 reliquisse
928 3744 1043 3804 uidetur
1064 3760 1154 3818 quam
1182 3745 1291 3803 elector
1318 3745 1382 3810 ille,
1411 3745 1439 3801 si

292 3848 447 3922 Scalipera
461 3849 620 3915 credimus,
643 3848 707 3921 ipse
722 3848 878 3915 Ausonius,
898 3863 984 3920 quem
999 3849 1165 3921 praecipue
1179 3845 1333 3905 duodecim
1348 3847 1436 3918 sipna

287 3968 348 4025 per
375 3967 453 4025 puae
479 3953 523 4010 sol
543 3965 677 4008 annuum
698 3965 818 4008 cursum
840 3949 961 4013 conticit
980 3964 1047 4007 cum
1068 3962 1122 4006 suo
1150 3947 1285 4021 quodque
1306 3954 1436 4022 tempore

293 4052 497 4111 demonstrare
519 4055 645 4112 uoluisse
665 4067 732 4110 cum
754 4067 794 4108 111
814 4052 857 4109 eis
879 4049 1011 4110 uersibus
1033 4049 1139 4123 quibus
1160 4048 1258 4107 iudea
1273 4040 1317 4107 cst
1328 4064 1360 4123 p.
1379 4054 1437 4105 232

292 4134 363 4230 asp.
388 4155 419 4212 in
443 4171 501 4232 quo
524 4171 625 4213 mense
649 4151 726 4230 quod
750 4152 866 4230 signum
889 4153 927 4210 sit
949 4149 985 4211 ad
1008 4152 1130 4210 cuss‘um
1159 4147 1230 4209 solis
1257 4158 1317 4208 tum
1345 4151 1435 4209 etiam

291 4273 332 4317 ex
359 4259 442 4316 titulo
468 4272 564 4329 supra
591 4257 704 4329 scripto
731 4257 919 4328 intellepitur.
963 4260 1093 4313 ceterum
1121 4260 1285 4312 memoratu
1312 4251 1435 4325 dipnum

291 4366 336 4417 est
356 4376 375 4417 a
393 4357 526 4433 piscibus
550 4356 686 4427 Quintum
709 4356 871 4416 deduxisse
892 4358 1047 4423 circulum,
1070 4370 1129 4412 non
1151 4355 1189 4413 ab
1211 4358 1354 4414 arietent
1369 4356 1435 4428 ple-

292 4474 398 4534 rosque
419 4461 579 4532 astrolopos
601 4467 654 4519 aut
675 4477 694 4517 a
715 4475 827 4518 cancro
849 4466 881 4519 111
904 4461 1039 4518 Aratum.
1088 4498 1093 4508 .

1586 4379 1598 4409 1
