3304 5206
197 417 329 487 ,24

285 591 391 668 poesis.
429 590 618 665 quamodrem
641 582 706 649 tam'
725 590 881 650 Cicerones
903 605 981 663 quoe
1002 595 1216 665 copuooerunt,
1247 606 1436 664 contraquam

285 692 376 766 suere
397 693 573 768 compositas
596 707 635 752 ac
654 698 784 766 parolus
805 692 859 767 qui
880 689 991 751 Itomae
1011 706 1103 766 porro
1124 690 1278 766 lepebatur
1293 692 1437 766 hodieque

287 797 396 870 lepitur
416 795 493 855 liber
515 795 553 854 de
574 802 686 854 notura
709 810 824 861 rerum,
850 799 976 869 possunt
999 791 1097 866 fuisse
1118 794 1146 853 si
1164 793 1285 873 quidem
1303 793 1437 867 pltiloso-

283 897 361 974 pltia
380 898 498 972 poetica
520 896 667 957 detinente
694 897 898 971 capitationem
921 893 1046 955 Marcus
1073 896 1117 955 ad
1136 894 1262 955 Sallusti
1282 894 1437 971 Empedo-

288 1002 354 1059 clea
376 997 526 1066 traduxit,
549 1000 612 1058 eins
633 1000 733 1074 operis
751 1004 871 1073 partes,
901 1013 974 1070 quas
1002 1004 1033 1056 tu
1058 1000 1086 1056 si
1101 1014 1221 1072 paucas
1242 1000 1285 1059 ris
1306 1004 1437 1057 statuere

289 1117 309 1160 a
337 1101 402 1162 uiuo
432 1102 610 1160 etiamtum
638 1100 776 1161 Lucretio
807 1114 874 1160 cum
906 1080 1043 1158 litteratis
1075 1101 1180 1158 amicis
1206 1101 1437 1160 communicatas

289 1205 350 1263 siae
370 1207 494 1262 cunctas
521 1203 552 1261 in
581 1202 694 1261 chartis
722 1203 833 1261 mortui
859 1208 1029 1260 asservatas
1056 1217 1076 1259 a
1100 1199 1255 1269 Cicerone,
1284 1202 1360 1261 nilu'l
1384 1218 1438 1276 epo

290 1320 370 1363 nunc
384 1318 528 1378 repupno,
552 1305 623 1377 puio
640 1309 761 1363 nostrae
782 1304 852 1362 istic
874 1302 1068 1377 disputationi
1086 1300 1203 1374 suspicit
1222 1311 1254 1362 ut
1268 1318 1325 1363 non
1340 1306 1437 1377 sippi-

287 1407 395 1478 ficasse
416 1402 556 1466 Marcum
579 1400 734 1478 intellepa‘s
756 1406 902 1464 absolutos
930 1421 987 1463 uno
1015 1411 1118 1463 tenore
1140 1420 1326 1478 conexosque
1348 1404 1437 1464 libros
1515 1386 1517 1391 ¹

289 1516 318 1568 ct
339 1508 443 1581 quales
461 1510 677 1580 prammaticus
700 1515 787 1581 atque
809 1510 965 1566 unittcrsae
983 1506 1105 1579 formae
1120 1514 1268 1581 spectator
1282 1505 1437 1567 Suetonius

290 1610 440 1689 vocaverit
459 1607 638 1669 emendatos.
682 1626 720 1669 ea
734 1610 835 1683 ipitur
857 1623 946 1683 quam
968 1609 1071 1668 exorsi
1085 1625 1186 1668 somus
1207 1611 1339 1683 quaestio
1361 1610 1436 1669 retl-

291 1713 385 1787 ipilur
410 1716 471 1770 tota
498 1711 542 1769 ad
567 1712 655 1795 unius
682 1690 876 1770 testimoniam
904 1711 1082 1786 Hieronymi
1109 1728 1175 1769 cum
1205 1708 1318 1787 aliquot
1346 1708 1439 1771 iilnos

292 1830 347 1893 per
369 1808 525 1874 intervalla
548 1813 683 1872 insaniae
705 1814 935 1890 conscripsisset
957 1830 1031 1891 quos
1054 1818 1156 1891 postca
1174 1813 1277 1872 Cicero
1301 1812 1438 1872 emendo·
1475 1882 1479 1889 ἱ

293 1915 343 1983 vii,
367 1913 487 1993 propria
510 1931 542 1976 se
565 1932 655 1975 manu
677 1913 843 1983 interiecit,
873 1916 904 1972 in
932 1930 990 1988 quo
1011 1929 1077 1974 cum
1101 1917 1238 1974 omissum
1254 1931 1439 1990 praenomen

292 2016 338 2082 sit,
361 2031 419 2074 non
441 2017 511 2076 licet
532 2016 670 2077 dubitare
691 2018 762 2091 quia
784 2016 1002 2076 celeberrumus
1023 2019 1087 2076 eius
1107 2018 1233 2076 nominis
1246 2017 1332 2075 nomo
1347 2015 1440 2076 Mar-

293 2134 345 2177 cus
367 2116 547 2191 desipnetur.
592 2124 680 2192 atquc
701 2113 796 2193 supra
818 2135 893 2192 quas
905 2119 1076 2193 perstrinai
1088 2134 1128 2176 ea
1143 2121 1297 2178 contrario
1317 2120 1441 2178 ratiun-
1520 2123 1523 2129 '

293 2221 380 2279 culae
401 2221 541 2293 antoniam
564 2234 623 2278 aon
644 2221 717 2280 satis
738 2220 864 2279 idoneae
891 2227 961 2279 suat
981 2221 1025 2279 ad
1044 2220 1267 2295 coarpuendorn
1289 2228 1343 2279 aut
1362 2220 1440 2279 llio-

294 2322 413 2396 ronpmt'
433 2322 643 2395 neplipeatiam
666 2327 719 2380 atat
739 2338 872 2381 errorem
894 2322 1104 2389 librariorum,
1128 2296 1209 2383 ul'tra
1231 2339 1290 2396 quo
1308 2338 1441 2397 propre-

294 2424 423 2483 diamum
437 2423 468 2481 in
487 2423 660 2498 praesentia
687 2439 746 2481 noa
768 2423 907 2483 labemus
933 2439 1022 2498 quam
1052 2430 1084 2484 ut
1105 2425 1202 2484 uideri
1221 2424 1356 2484 dieamus
1376 2423 1441 2481 Lu-

294 2525 370 2584 creti
389 2523 608 2584 emendatorem
632 2524 771 2585 Marcum
790 2522 896 2596 faisse.
1404 2539 1409 2545 ’

338 2719 341 2726 ¹
380 2624 498 2701 Scripsi
518 2642 617 2686 mense
638 2628 797 2702 septembri
816 2629 892 2686 anni
914 2625 1108 2687 MDCCOLX
1111 2626 1199 2689 VIII.
