3304 5206
213 508 216 515 ,
265 422 287 495 4

264 595 364 666 nenda
380 596 459 670 (20).
481 599 510 653 et
523 595 663 668 quoniam
685 595 779 653 tribus
800 594 888 654 relus
909 611 1050 656 maxume
1072 597 1115 656 ad
1129 594 1328 670 suffropandi
1347 601 1408 655 stu-

264 697 317 756 dio
339 697 472 757 nomines
494 695 656 770 ducantur,
681 696 829 768 1111111111
851 699 919 772 (21)
941 714 995 772 spe
1010 699 1078 770 (22)
1102 698 1272 758 uoluntaria
1293 698 1411 756 ratione

267 801 360 874 (23),
381 797 633 874 perpendendum
665 815 728 858 esse
759 800 1007 871 quemadmodum
1033 800 1140 872 cuique
1171 800 1278 859 norum
1304 798 1413 873 peneri

263 894 930 976 1111111111111111111111111111111111
953 902 1034 977 (24).
1059 916 1159 960 aarum
1181 902 1271 960 etium
1292 899 1413 973 acquiri
1460 917 1473 930 ’

261 1020 348 1078 posse
370 1005 401 1062 in
424 1005 491 1078 ipsa
511 1002 651 1076 petitione
672 1004 822 1062 amicitias
844 1005 913 1077 (25)
936 1002 1025 1077 idque
1040 1002 1148 1063 Marco
1166 1001 1321 1077 perfacile
1339 999 1411 1073 sore

263 1105 333 1180 (21)
365 1106 549 1180 praesertim
581 1121 649 1164 cum
683 1106 815 1164 amicitia
848 1107 1073 1178 competitorum
1106 1103 1323 1164 contemnenda
1358 1110 1412 1161 aut

201 1228 205 1236 ¹
259 1205 412 1281 [11111111
433 1209 472 1266 sit
491 1213 580 1280 atque
602 1206 746 1266 Antonius
764 1207 933 1281 adiunpere
954 1207 1086 1266 nomines
1107 1208 1150 1265 ud
1167 1207 1330 1266 amicitiem
1348 1221 1409 1264 om·
1466 1230 1468 1243 ·

263 1311 334 1368 nino
356 1326 416 1369 nou
440 1311 533 1385 possit
562 1310 615 1380 (27
640 1311 703 1383 28).
747 1310 847 1382 itaque
874 1310 1026 1367 centurias
1054 1325 1153 1368 omnes
1174 1307 1282 1367 Marco
1295 1307 1411 1366 *suadet

263 1418 297 1469 ut
316 1413 417 1471 multis
438 1411 579 1470 amicitiis
600 1409 710 1468 1111111
731 1412 924 1482 confirmatius
947 1407 1024 1487 (29),
1048 1418 1080 1470 11
1102 1412 1301 1485 amplectatur
1322 1424 1408 1468 sena·

228 1503 230 1507 ’
264 1522 343 1573 tores
369 1513 480 1586 equites
506 1520 620 1571 ceteros
646 1511 780 1586 ordines,
814 1514 904 1572 etiam
931 1513 1085 1572 libertinos
1112 1514 1142 1570 in
1167 1511 1239 1584 foro
1268 1516 1409 1578 censatos,
1450 1559 1453 1563 .

262 1614 365 1674 urbem
387 1618 488 1688 totum,
513 1615 640 1686 callepio
660 1629 755 1699 papas
776 1615 866 1686 uicos,
889 1621 992 1688 posteo
1015 1620 1106 1673 totam
1128 1613 1263 1687 Italiam,
1280 1613 1411 1672 homines

254 1717 293 1776 ,11
326 1717 497 1791 municipiis
526 1717 675 1790 prutiosos
706 1717 760 1788 (30
789 1720 840 1791 31)
868 1724 956 1790 atque
984 1716 1042 1775 1111
1073 1717 1160 1776 modo
1191 1715 1337 1775 studiosos
1364 1713 1412 1772 sui

261 1820 368 1876 multos
399 1819 557 1878 constituat
587 1819 618 1876 11
650 1820 793 1878 centuriis
820 1819 949 1877 tributim
979 1817 1132 1892 diremptis
1159 1819 1239 1892 (32).
1281 1817 1410 1891 equitum

262 1921 390 1994 denique
418 1918 570 1994 suffrapin
598 1922 687 1979 etiam
713 1918 841 1999 facilius
864 1912 954 1994 posse
987 1920 1112 1979 obtineri
1139 1921 1217 1993 (33).
1268 1917 1409 1977 utendum

262 2028 362 2081 autem
390 2038 452 2081 csse
479 2029 512 2085 ut
541 2029 685 2096 quantum
713 2025 744 2081 in
772 2037 877 2096 campo
905 2023 1012 2082 uirium
1035 2021 1161 2082 Marcus
1189 2020 1345 2079 habiturus
1371 2019 1409 2077 sit

261 2131 331 2183 aitte
353 2130 505 2200 appareat
525 2125 679 2184 cotidiana
698 2126 906 2198 plurumorum
928 2126 1124 2184 assectatione
1148 2125 1234 2198 (34),
1257 2124 1343 2182 culus
1364 2122 1411 2179 rei

261 2235 321 2285 tres
348 2242 411 2285 esse
440 2232 546 2299 partes
573 2226 780 2301 mapnitudine
804 2225 895 2298 offici
921 2226 1057 2285 diuersas
1087 2227 1236 2299 aliamque
1262 2225 1408 2282 rationem

260 2329 457 2388 salutatorum
480 2329 549 2403 (35)
573 2330 664 2388 altam
687 2327 882 2388 deductorum
905 2328 974 2403 (31)
997 2328 1089 2386 aliam
1113 2333 1327 2387 assectatornm
1349 2328 1409 2385 siae

260 2431 497 2490 uoluntariorum
519 2433 581 2490 siue
602 2431 655 2504 qui
674 2429 803 2489 debeant
822 2445 963 2490 maxume
984 2430 1105 2504 quoda
1129 2428 1270 2489 Cicerone
1292 2425 1412 2499 defensi

260 2534 320 2595 sint
343 2533 399 2604 (37.
420 2536 483 2607 38).
520 2538 651 2591 ceterum
672 2532 837 2592 cauendum
859 2548 921 2591 esse
942 2549 980 2590 ne
1001 2533 1067 2605 puis
1088 2537 1197 2590 temere
1218 2531 1333 2589 amicus
1347 2518 1410 2588 esse

261 2635 407 2701 credatur
429 2635 506 2709 (39).
545 2635 671 2708 denique
693 2635 858 2694 amicorum
880 2635 985 2693 studiis
1006 2634 1170 2693 constitutis
1191 2633 1280 2691 ctiam
1302 2631 1409 2690 adoer-

260 2737 411 2794 sariorum
436 2751 566 2809 ponera,
595 2752 687 2794 unum
715 2752 789 2809 auos
811 2735 937 2795 Marcus
958 2736 1088 2801 laeserit,
1117 2736 1245 2793 alterum
1273 2734 1409 2806 quisine

261 2854 371 2897 caussa
392 2854 460 2897 eum
482 2844 542 2898 non
564 2843 673 2907 ament,
697 2839 816 2896 tertium
838 2839 890 2911 qui
915 2839 1134 2912 competitorem
1157 2837 1287 2909 aliquem
1309 2834 1409 2894 ament

262 2920 449 3000 obseruanda
471 2946 501 2998 et
521 2940 565 2998 ad
585 2941 746 2999 amicitiam
769 2939 941 3000 reuocanda
962 2956 1025 2998 esse
1049 2939 1130 3013 (411).
1174 2938 1273 2997 altera
1290 2938 1408 3011 petitio·

261 3044 308 3101 nis
323 3060 403 3118 pars
425 3044 456 3102 in
477 3024 623 3118 populari
644 3044 760 3101 ratione
774 3048 910 3102 uersatur
927 3044 1008 3117 (41).
1038 3043 1069 3101 11
1091 3056 1152 3115 qna
1167 3057 1243 3115 opus
1263 3056 1327 3098 esse
1342 3038 1408 3113 pri-

260 3161 339 3204 mum
361 3146 609 3213 nomenclatione,
633 3145 743 3204 deinde
764 3144 910 3203 1111111111
934 3145 1020 3218 (42),
1044 3151 1103 3201 tam
1127 3141 1304 3202 assiduitate
1326 3141 1407 3215 (43),

262 3253 324 3307 tum
346 3247 527 3320 benipnitate
549 3263 627 3322 puae
641 3262 706 3305 cum
723 3249 753 3306 11
768 3260 863 3321 opera
882 3246 1092 3321 pernotponda
1107 3251 1137 3303 et
1157 3242 1409 3304 communicanda
1481 3253 1483 3257 ’

261 3364 401 3408 maxume
423 3356 586 3428 appareat,
609 3364 668 3408 non
688 3349 876 3422 parcendum
899 3364 962 3407 esse
981 3348 1134 3422 promissis
1157 3347 1229 3420 (44)
1236 3388 1246 3421 ‚
1268 3346 1313 3402 sin
1336 3342 1411 3418 quid

256 3457 385 3539 petatur
406 3453 487 3525 quod
509 3450 619 3523 facere
640 3449 766 3510 Marcus
788 3465 846 3509 non
868 3457 963 3523 queat,
986 3454 1040 3507 aut
1059 3449 1134 3507 11111
1155 3446 1325 3521 nepundum
1347 3461 1409 3504 esse

262 3555 332 3629 (45)
356 3560 410 3615 out
431 3553 506 3613 adeo
527 3553 726 3639 mentiendum
748 3554 820 3628 (41)
837 3553 865 3611 11
878 3551 995 3625 puidam
1015 3551 1153 3624 polliceri
1171 3551 1218 3608 ael
1238 3564 1306 3608 cum
1328 3564 1408 3607 men-

262 3657 351 3716 dacio
377 3658 474 3728 mopis
495 3656 644 3714 conducat
670 3657 701 3714 in
718 3655 898 3730 popularem
924 3650 1043 3723 samam
1072 3667 1162 3725 quam
1178 3653 1276 3727 plane
1296 3666 1409 3724 nepare

263 3761 425 3831 (47-49).
453 3762 615 3831 praeterea
632 3771 706 3829 opus
720 3773 783 3815 esse
803 3769 924 3814 ramme
939 3755 982 3811 ad
995 3770 1081 3827 quem
1104 3769 1170 3813 cum
1193 3762 1294 3813 cetera
1309 3754 1408 3811 omnia

261 3860 382 3931 ualeant
404 3859 472 3932 (50)
496 3864 556 3917 tum
575 3857 671 3932 plebis
692 3857 827 3917 urbanae
848 3863 877 3915 11
899 3855 1022 3930 Pompei
1039 3854 1133 3927 fauor
1152 3858 1216 3929 (51)
1240 3863 1300 3913 tum
1320 3857 1409 3914 totius

259 3961 410 4034 petitionis
424 3961 567 4033 splendor
581 3961 862 4033 competitorumpue
876 3950 959 4017 matu
974 3959 1164 4017 eristumatio
1178 3958 1259 4032 (52).
1282 3957 1409 4029 denique

261 4076 342 4135 spem
364 4058 411 4119 rei
427 4061 567 4134 publicae
589 4060 729 4121 Marcum
751 4062 857 4121 bortum
878 4070 1040 4134 praestare
1062 4060 1170 4119 dehere
1192 4060 1272 4133 (13).
1316 4063 1411 4117 restat

262 4164 379 4222 tertium
402 4160 515 4221 ‘Romu
532 4163 596 4222 est'
618 4165 722 4223 ciuitas
743 4163 921 4221 insidiarum
945 4179 985 4223 ae
1012 4142 1228 4220 mutiuotentiae
1254 4161 1408 4219 uitiorum-

263 4281 320 4344 que
337 4266 431 4339 pleno
455 4261 493 4345 (5
516 4269 584 4340 54).
627 4281 703 4339 puae
725 4266 807 4323 mula
829 4280 895 4323 eum
925 4263 1048 4323 dicendi
1064 4263 1165 4335 plorio
1182 4264 1408 4337 propulsentur,

262 4368 439 4440 turpilianus
467 4369 691 4440 competitorum
719 4366 875 4440 dilipentia
902 4372 931 4424 11
947 4348 1136 4426 'auctoritate
1162 4368 1192 4423 el
1217 4370 1295 4424 metu
1316 4363 1411 4423 iudici

266 4469 373 4547 iniecto
392 4483 479 4545 posse
499 4471 634 4530 coerceri
655 4469 820 4544 (55-57).
849 4469 925 4528 11111
939 4484 1016 4544 quoe
1028 4469 1202 4544 perscripta
1216 4466 1260 4525 ad
1277 4464 1409 4539 fratrem
