3304 5206
1314 408 1359 491 1‘5'
1387 368 1389 371 ⁵

214 597 420 676 sterquilinam
452 565 533 675 ouod
562 618 640 662 nona
664 598 845 675 plerumque
869 605 1071 674 purpornenla
1097 601 1212 675 recepit
1235 604 1361 675 praeter
1459 644 1463 647 1
1518 628 1529 637 ·

215 706 382 779 opinionem
403 710 535 763 nostram
558 720 616 763 non
640 702 788 776 sufficiat,
817 705 845 761 ei
866 703 993 760 alterum
1016 702 1104 760 odire
1126 701 1224 761 licebit
1249 718 1290 760 erc
1311 719 1358 760 oe-

215 806 324 866 teribus
345 813 515 880 conoestum
539 808 569 866 in
594 803 748 864 Orelliono
770 804 896 863 editione
914 805 1041 878 priore„
1056 805 1240 877 morparitas
1261 810 1358 863 autern

213 908 256 967 ibi
273 888 396 979 sruslr'o
417 909 475 966 erit
495 908 547 981 qui
567 908 753 982 quaesiuerit.
782 905 966 965 eruditorum
989 906 1136 964 bominum
1158 908 1277 965 inuento
1299 915 1358 964 ret-

215 1011 270 1069 tuli
288 1009 503 1069 memorabilia.
1353 991 1357 995 ’

766 1244 806 1317 Π

237 1444 241 1449 ·
301 1419 385 1477 Auno
406 1412 615 1476 llCLXXXX
619 1418 647 1476 V
672 1418 795 1476 circiter
816 1417 965 1475 liniendas
986 1417 1082 1474 molas
1108 1432 1149 1474 en
1171 1416 1242 1475 Asin
1265 1415 1357 1474 Mar-

213 1537 266 1578 cus
295 1537 314 1575 a
344 1519 451 1589 (irritae
479 1518 582 1590 fratre
610 1521 767 1592 epistulam
798 1523 961 1592 acceperat
986 1520 1017 1575 in
1045 1534 1105 1590 qna
1132 1519 1182 1577 ille
1208 1518 1358 1576 itt-Attico

211 1624 332 1696 scripsit
351 1621 388 1678 II
412 1627 462 1688 to,
488 1628 507 1677 4
537 1621 576 1678 ito
606 1616 741 1697 deplorat
769 1620 871 1698 primis
900 1616 1033 1677 versibus
1061 1618 1245 1677 mansionem
1274 1636 1356 1678 suom

217 1733 248 1781 ut
278 1723 410 1799 quemvis
438 1739 557 1781 morere
586 1723 694 1800 possit,
729 1724 768 1781 ita
798 1739 901 1781 rursus
934 1721 1059 1780 remittit
1088 1728 1120 1778 ut
1148 1739 1195 1780 ms
1218 1729 1304 1796 roget
1326 1730 1358 1778 ut

213 1821 328 1883 annalis
350 1840 419 1882 snos
447 1822 603 1882 emendem
628 1830 656 1882 et
679 1823 773 1882 edoni.
824 1824 951 1881 iurnales
971 1825 1064 1894 ipitur
1088 1822 1211 1892 Quintus
1233 1829 1294 1881 trirn
1316 1822 1360 1879 ad

216 1928 384 1986 umbilicum
412 1925 600 1985 adducturus
627 1935 711 1993 crat,
744 1923 862 1985 Enrrine
882 1930 1068 1997 veterumque
1095 1939 1176 1982 more
1200 1933 1357 1998 poetarum

217 2030 362 2087 institutos
384 2043 424 2086 on
444 2027 579 2101 pedestri
604 2042 739 2087 sermone
766 2030 909 2085 incertum
931 2032 988 2094 est,
1013 2027 1041 2083 si
1060 2026 1178 2099 quidem
1201 2032 1358 2098 utromque

210 2131 383 2189 sententiam
411 2129 540 2187 aliorum
567 2131 713 2204 exemplis
735 2129 882 2186 bominum
908 2128 954 2185 illi
974 2116 1067 2184 aetati
1092 2129 1262 2199 aequalium
1288 2128 1356 2185 illu-

210 2240 311 2290 strare
333 2249 370 2289 err
389 2233 515 2302 firmare
536 2233 612 2290 licet.
643 2247 713 2288 nom
729 2237 761 2289 ul
776 2229 855 2288 Furi
868 2230 996 2287 Antiatis
1018 2230 1144 2287 annales
1162 2231 1355 2302 praetermit-

211 2343 272 2392 tam
301 2336 389 2393 annis
418 2332 462 2389 od
488 2332 695 2405 quodrnpintn
723 2333 895 2406 superiores
920 2338 949 2389 cl
976 2331 1019 2389 nl.
1045 2330 1194 2389 Ciceronis
1225 2330 1356 2388 Marium

211 2451 290 2493 rinno
319 2434 430 2493 nott
438 2434 511 2501 VII,
547 2434 585 2492 de
612 2435 770 2492 consulatu
802 2448 855 2490 sno
883 2447 991 2506 poema
1014 2447 1167 2506 prosumo
1194 2440 1263 2490 urite
1290 2448 1356 2490 eum

209 2539 365 2611 epistulam
387 2552 478 2605 anno,
502 2534 540 2594 de
561 2534 740 2612 temporibus
760 2528 821 2591 suis
843 2549 923 2592 anno
938 2533 1033 2591 DClC
1051 2535 1208 2609 scriptum,
1232 2537 1358 2593 arturoles

209 2643 297 2697 cttttm
316 2638 429 2696 Trinusi
443 2638 560 2697 Gemini
572 2637 755 2698 uocabantur
770 2636 957 2695 ‘electissimo
968 2637 1101 2719 pessumi
1110 2643 1217 2709 poetae
1228 2639 1355 2709 scripto’

210 2741 311 2799 derisa
334 2758 353 2798 α
377 2739 500 2799 Catullo.
545 2740 770 2798 commentarios
797 2743 895 2796 autem
923 2738 1087 2797 historicos
1102 2737 1283 2797 claritudine
1304 2741 1355 2797 in-

201 2844 302 2914 'sipnis
323 2849 377 2901 aut
398 2838 548 2915 elepnntia
571 2840 725 2899 Romanus
746 2847 850 2913 quotus
871 2840 994 2913 quisque
1013 2856 1070 2913 per
1090 2841 1154 2898 illos
1170 2856 1264 2898 onnos
1278 2856 1355 2898 com·
1451 2863 1454 2869 ·

207 2960 318 3018 ponere
339 2939 486 3004 cessauit?
521 2951 619 3003 nolum
634 2952 677 3002 est
691 2942 809 3001 luculli
823 2941 963 2999 Hortensi
977 2939 1121 2999 Sisennae
1143 2942 1180 2999 de
1199 2943 1356 3001 pariundo

208 3047 282 3106 bello
304 3025 435 3123 Marsico
456 3052 616 3113 certamen-
639 3046 702 3103 noti
721 3045 878 3102 multorum
900 3044 1027 3101 annales
1047 3043 1156 3102 eisdem
1178 3044 1357 3118 temporibus

188 3147 339 3218 ‚roris'ecti
353 3134 449 3222 'atque
470 3151 559 3207 etiam
576 3145 790 3222 posterioribus
806 3146 937 3210 lectitati,
960 3145 1180 3203 contubernalis
1195 3144 1303 3214 Quinto
1323 3147 1355 3204 in

209 3246 282 3308 Asia
301 3247 366 3321 fnit
379 3249 412 3308 L.
432 3228 548 3321 Tubero
562 3249 666 3322 tepolis
680 3250 788 3308 ceteris
801 3247 912 3305 bonore
926 3254 955 3305 et
970 3252 1066 3304 aetate
1077 3256 1246 3321 praestans,
1269 3264 1354 3320 quern

209 3349 334 3410 Marcus
356 3353 386 3409 in
407 3353 537 3425 epistula
559 3351 601 3409 nd
612 3350 743 3423 fratrem
759 3349 833 3406 cloto
848 3349 868 3406 I
883 3355 906 3414 l,
925 3354 961 3430 lb
982 3363 1061 3406 anno
1075 3347 1358 3408 HCLXXXXIJII

209 3452 413 3511 arbitrabatur
440 3470 507 3513 cum
535 3453 677 3512 scriberet
702 3451 856 3509 bistoriam
889 3452 995 3509 multos
1029 3466 1070 3508 en
1102 3432 1176 3510 suis
1194 3451 1355 3511 annalibus

204 3566 292 3625 posse
314 3553 445 3626 delipere
467 3569 539 3630 quos
560 3556 735 3613 imitaretur.
780 3550 973 3628 improbabile
1000 3567 1069 3610 nero
1090 3536 1150 3611 non
1171 3559 1215 3611 est
1232 3551 1354 3624 frater-

207 3670 266 3712 nne
293 3658 480 3714 auctoritatis
506 3655 667 3739 studiosum
702 3655 839 3726 Quintum
872 3657 904 3713 in
934 3653 1092 3712 annalibus
1119 3655 1179 3714 illis
1204 3670 1354 3713 exornare

207 3757 294 3813 eitam
321 3755 424 3814 Murci
450 3756 488 3815 de
514 3774 549 3816 re
571 3759 694 3832 publica
722 3759 828 3816 merito
855 3757 1008 3828 copitasse.
1054 3764 1156 3830 postca
1184 3773 1250 3816 eum
1277 3773 1353 3814 rnr-

206 3874 270 3918 sum
292 3858 434 3918 bisloriae
455 3873 577 3933 operam
599 3877 726 3920 nouasse
752 3862 783 3918 ln
808 3860 931 3917 Gallicis
957 3861 1067 3917 castris
1088 3859 1215 3918 Marcus
1240 3861 1353 3932 sipiriti-

207 3964 286 4021 couil
313 3976 392 4021 anuo
424 3959 501 4020 DCC
526 3960 573 4019 liis
599 3963 704 4019 litteris
732 3961 770 4018 II
802 3966 886 4028 tt,3
914 3959 1047 4031 (numeri
1076 3969 1146 4019 sunt
1170 3964 1356 4035 exemplaris
1406 3972 1410 3979 ’

208 4065 394 4138 Baiterioni)
418 4063 516 4123 omnio
539 4061 655 4139 contige
679 4071 710 4121 ut
732 4064 800 4122 nori
822 4063 950 4124 scribam
975 4064 1083 4143 aliquid
1107 4063 1143 4124 ad
1164 4070 1202 4121 te.
1247 4062 1298 4121 sed
1322 4070 1353 4120 ut

209 4165 299 4234 videS,
322 4183 371 4225 res
394 4183 442 4224 me
464 4165 529 4242 ipso
553 4163 650 4223 deficit
672 4165 772 4242 itaquo
793 4164 829 4224 ad
853 4163 1062 4226 Callisthenem
1086 4174 1115 4225 et
1138 4165 1174 4224 od
1197 4162 1351 4223 Philistum

208 4266 298 4326 redeo
321 4269 349 4326 in
373 4267 482 4346 quibus
510 4275 539 4326 te
569 4266 650 4326 video
678 4265 851 4326 volutatum.
886 4276 956 4326 *tum
979 4269 1017 4326 de
1038 4269 1163 4327 Philisto
1183 4275 1266 4325 utros
1289 4265 1352 4324 eius

181 4429 184 4436 ,
208 4358 346 4428 habueris
369 4367 471 4436 libros,
494 4368 554 4428 dno
577 4369 654 4428 enim
678 4377 746 4428 sum
768 4387 904 4446 corporo,
929 4387 965 4427 on
989 4378 1132 4448 utrosque
1155 4370 1264 4428 neseio.
1304 4385 1351 4426 me

153 4526 160 4541 ,
208 4472 300 4547 magis
328 4469 365 4529 de
388 4470 526 4549 [lionysio
552 4470 693 4540 delectat,
724 4472 786 4551 ipse
816 4479 860 4530 est
888 4473 965 4560 enim
997 4480 1141 4532 veterator
1170 4490 1294 4551 magnus
1323 4482 1351 4532 et
