<?xml version="1.0" encoding="UTF-8"?>
<!DOCTYPE html PUBLIC "-//W3C//DTD XHTML 1.0 Transitional//EN"
    "http://www.w3.org/TR/xhtml1/DTD/xhtml1-transitional.dtd">
<html xmlns="http://www.w3.org/1999/xhtml" xml:lang="en" lang="en">
 <head>
  <title>
</title>
<meta http-equiv="Content-Type" content="text/html;charset=utf-8" />
  <meta name='ocr-system' content='tesseract 3.04.00' />
  <meta name='ocr-capabilities' content='ocr_page ocr_carea ocr_par ocr_line ocrx_word'/>
</head>
<body>
  <div class='ocr_page' id='page_1' title='image "./quinticiceronis01buecgoog_0039.png"; bbox 0 0 3304 5206; ppageno 0'>
   <div class='ocr_carea' id='block_1_1' title="bbox 296 390 1094 462">
    <p class='ocr_par' dir='ltr' id='par_1_1' title="bbox 296 390 1094 462">
     <span class='ocr_line' id='line_1_1' title="bbox 296 390 1094 462; baseline -0.01 -7"><span class='ocrx_word' id='word_1_1' title='bbox 296 390 338 455; x_wconf 77' lang='lat'><strong>32</strong></span> <span class='ocrx_word' id='word_1_2' title='bbox 700 400 820 462; x_wconf 76' lang='lat' dir='ltr'><strong>purum</strong></span> <span class='ocrx_word' id='word_1_3' title='bbox 846 400 1030 449; x_wconf 81' lang='lat' dir='ltr'><strong>CtCERONIS</strong></span> <span class='ocrx_word' id='word_1_4' title='bbox 1091 431 1094 436; x_wconf 83' lang='lat'>.</span> 
     </span>
    </p>
   </div>
   <div class='ocr_carea' id='block_1_2' title="bbox 297 559 1497 1301">
    <p class='ocr_par' dir='ltr' id='par_1_2' title="bbox 297 559 1469 1082">
     <span class='ocr_line' id='line_1_2' title="bbox 298 559 1440 640; baseline -0.002 -18"><span class='ocrx_word' id='word_1_5' title='bbox 298 562 667 640; x_wconf 76' lang='lat' dir='ltr'><strong>dedecoris&#39;suspitionem</strong></span> <span class='ocrx_word' id='word_1_6' title='bbox 691 559 891 638; x_wconf 87' lang='lat' dir='ltr'><strong>relinquerct;</strong></span> <span class='ocrx_word' id='word_1_7' title='bbox 916 560 966 637; x_wconf 93' lang='lat' dir='ltr'><strong>qui</strong></span> <span class='ocrx_word' id='word_1_8' title='bbox 990 578 1025 619; x_wconf 86' lang='lat' dir='ltr'><strong>ex</strong></span> <span class='ocrx_word' id='word_1_9' title='bbox 1048 559 1131 620; x_wconf 86' lang='lat' dir='ltr'><strong>curia</strong></span> <span class='ocrx_word' id='word_1_10' title='bbox 1155 559 1259 620; x_wconf 84' lang='lat' dir='ltr'><strong>Curios</strong></span> <span class='ocrx_word' id='word_1_11' title='bbox 1276 559 1440 629; x_wconf 74' lang='lat' dir='ltr'><strong>etAunioS,</strong></span> 
     </span>
     <span class='ocr_line' id='line_1_3' title="bbox 298 668 1443 750; baseline -0.002 -18"><span class='ocrx_word' id='word_1_12' title='bbox 298 672 334 732; x_wconf 89' lang='lat' dir='ltr'><strong>ab</strong></span> <span class='ocrx_word' id='word_1_13' title='bbox 363 672 446 732; x_wconf 90' lang='lat' dir='ltr'><strong>atriis</strong></span> <span class='ocrx_word' id='word_1_14' title='bbox 474 668 596 750; x_wconf 84' lang='lat' dir='ltr'><strong>Sapalas</strong></span> <span class='ocrx_word' id='word_1_15' title='bbox 626 678 655 729; x_wconf 88' lang='lat' dir='ltr'><strong>et</strong></span> <span class='ocrx_word' id='word_1_16' title='bbox 682 668 838 740; x_wconf 80' lang='lat' dir='ltr'><strong>Caruilios,</strong></span> <span class='ocrx_word' id='word_1_17' title='bbox 872 689 906 729; x_wconf 85' lang='lat' dir='ltr'><strong>ex</strong></span> <span class='ocrx_word' id='word_1_18' title='bbox 937 670 1068 747; x_wconf 75' lang='lat' dir='ltr'><strong>equestri</strong></span> <span class='ocrx_word' id='word_1_19' title='bbox 1097 669 1202 730; x_wconf 78' lang='lat' dir='ltr'>ordine</span> <span class='ocrx_word' id='word_1_20' title='bbox 1230 668 1391 748; x_wconf 83' lang='lat' dir='ltr'><strong>Pompilios</strong></span> <span class='ocrx_word' id='word_1_21' title='bbox 1413 678 1443 730; x_wconf 92' lang='lat' dir='ltr'><strong>et</strong></span> 
     </span>
     <span class='ocr_line' id='line_1_4' title="bbox 297 779 1441 859; baseline -0.001 -18"><span class='ocrx_word' id='word_1_22' title='bbox 297 781 389 842; x_wconf 88' lang='lat' dir='ltr'><strong>Vitias</strong></span> <span class='ocrx_word' id='word_1_23' title='bbox 411 780 468 843; x_wconf 89' lang='lat' dir='ltr'><strong>sibi</strong></span> <span class='ocrx_word' id='word_1_24' title='bbox 492 781 686 843; x_wconf 87' lang='lat' dir='ltr'><strong>amicissimos</strong></span> <span class='ocrx_word' id='word_1_25' title='bbox 717 781 911 858; x_wconf 89' lang='lat' dir='ltr'><strong>compararit;</strong></span> <span class='ocrx_word' id='word_1_26' title='bbox 943 782 993 859; x_wconf 89' lang='lat' dir='ltr'><strong>qui</strong></span> <span class='ocrx_word' id='word_1_27' title='bbox 1023 788 1138 841; x_wconf 90' lang='lat' dir='ltr'><strong>tautum</strong></span> <span class='ocrx_word' id='word_1_28' title='bbox 1162 779 1269 840; x_wconf 87' lang='lat' dir='ltr'><strong>babeat</strong></span> <span class='ocrx_word' id='word_1_29' title='bbox 1291 779 1441 848; x_wconf 81' lang='lat' dir='ltr'><strong>audaciae,</strong></span> 
     </span>
     <span class='ocr_line' id='line_1_5' title="bbox 297 889 1441 981; baseline -0.001 -30"><span class='ocrx_word' id='word_1_30' title='bbox 297 899 411 952; x_wconf 89' lang='lat' dir='ltr'><strong>tantum</strong></span> <span class='ocrx_word' id='word_1_31' title='bbox 433 893 590 969; x_wconf 75' lang='lat' dir='ltr'><strong>nequitiae,</strong></span> <span class='ocrx_word' id='word_1_32' title='bbox 615 899 728 952; x_wconf 90' lang='lat' dir='ltr'><strong>tantum</strong></span> <span class='ocrx_word' id='word_1_33' title='bbox 752 889 881 969; x_wconf 88' lang='lat' dir='ltr'><strong>denique</strong></span> <span class='ocrx_word' id='word_1_34' title='bbox 903 892 933 950; x_wconf 91' lang='lat' dir='ltr'><strong>iu</strong></span> <span class='ocrx_word' id='word_1_35' title='bbox 957 889 1080 951; x_wconf 82' lang='lat' dir='ltr'><strong>libidine</strong></span> <span class='ocrx_word' id='word_1_36' title='bbox 1104 893 1175 951; x_wconf 88' lang='lat' dir='ltr'><strong>artis</strong></span> <span class='ocrx_word' id='word_1_37' title='bbox 1198 897 1227 950; x_wconf 89' lang='lat' dir='ltr'><strong>ct</strong></span> <span class='ocrx_word' id='word_1_38' title='bbox 1250 891 1441 981; x_wconf 81' lang='lat' dir='ltr'><strong>efficacitatis,</strong></span> 
     </span>
     <span class='ocr_line' id='line_1_6' title="bbox 298 999 1469 1082; baseline -0.005 -19"><span class='ocrx_word' id='word_1_39' title='bbox 298 1011 329 1063; x_wconf 90' lang='lat' dir='ltr'><strong>ut</strong></span> <span class='ocrx_word' id='word_1_40' title='bbox 351 1020 445 1082; x_wconf 82' lang='lat' dir='ltr'><strong>prope</strong></span> <span class='ocrx_word' id='word_1_41' title='bbox 467 1004 498 1062; x_wconf 90' lang='lat' dir='ltr'><strong>in</strong></span> <span class='ocrx_word' id='word_1_42' title='bbox 521 1010 678 1081; x_wconf 87' lang='lat' dir='ltr'><strong>parentum</strong></span> <span class='ocrx_word' id='word_1_43' title='bbox 707 1003 829 1080; x_wconf 82' lang='lat' dir='ltr'><strong>gremiis</strong></span> <span class='ocrx_word' id='word_1_44' title='bbox 857 1007 1055 1080; x_wconf 83' lang='lat' dir='ltr'><strong>praetextatos</strong></span> <span class='ocrx_word' id='word_1_45' title='bbox 1081 999 1193 1062; x_wconf 85' lang='lat' dir='ltr'><strong>liberos</strong></span> <span class='ocrx_word' id='word_1_46' title='bbox 1221 1001 1469 1080; x_wconf 79' lang='lat' dir='ltr'><strong>constupraritts</strong></span> 
     </span>
    </p>

    <p class='ocr_par' dir='ltr' id='par_1_3' title="bbox 298 1110 1459 1192">
     <span class='ocr_line' id='line_1_7' title="bbox 298 1110 1459 1192; baseline -0.001 -20"><span class='ocrx_word' id='word_1_47' title='bbox 298 1112 367 1192; x_wconf 86' lang='lat' dir='ltr'><strong>quid</strong></span> <span class='ocrx_word' id='word_1_48' title='bbox 391 1127 446 1189; x_wconf 80' lang='lat' dir='ltr'><strong>ego</strong></span> <span class='ocrx_word' id='word_1_49' title='bbox 469 1130 548 1173; x_wconf 88' lang='lat' dir='ltr'><strong>nuuc</strong></span> <span class='ocrx_word' id='word_1_50' title='bbox 571 1111 608 1172; x_wconf 89' lang='lat' dir='ltr'><strong>de</strong></span> <span class='ocrx_word' id='word_1_51' title='bbox 630 1111 744 1182; x_wconf 77' lang='lat' dir='ltr'><strong>Africa,</strong></span> <span class='ocrx_word' id='word_1_52' title='bbox 767 1111 836 1192; x_wconf 92' lang='lat' dir='ltr'><strong>quid</strong></span> <span class='ocrx_word' id='word_1_53' title='bbox 861 1111 897 1171; x_wconf 92' lang='lat' dir='ltr'><strong>de</strong></span> <span class='ocrx_word' id='word_1_54' title='bbox 927 1113 1048 1175; x_wconf 87' lang='lat' dir='ltr'><strong>testium</strong></span> <span class='ocrx_word' id='word_1_55' title='bbox 1072 1111 1157 1172; x_wconf 92' lang='lat' dir='ltr'><strong>dictis</strong></span> <span class='ocrx_word' id='word_1_56' title='bbox 1183 1110 1330 1172; x_wconf 83' lang='lat' dir='ltr'><strong>scribam?</strong></span> <span class='ocrx_word' id='word_1_57' title='bbox 1374 1119 1459 1172; x_wconf 87' lang='lat' dir='ltr'><strong>uota</strong></span> 
     </span>
    </p>

    <p class='ocr_par' dir='ltr' id='par_1_4' title="bbox 298 1220 1497 1301">
     <span class='ocr_line' id='line_1_8' title="bbox 298 1220 1497 1301; baseline -0.003 -18"><span class='ocrx_word' id='word_1_58' title='bbox 298 1230 375 1293; x_wconf 89' lang='lat' dir='ltr'><strong>sunt,</strong></span> <span class='ocrx_word' id='word_1_59' title='bbox 399 1230 428 1284; x_wconf 90' lang='lat' dir='ltr'><strong>et</strong></span> <span class='ocrx_word' id='word_1_60' title='bbox 451 1241 483 1283; x_wconf 92' lang='lat' dir='ltr'><strong>ea</strong></span> <span class='ocrx_word' id='word_1_61' title='bbox 506 1231 537 1284; x_wconf 92' lang='lat' dir='ltr'><strong>tu</strong></span> <span class='ocrx_word' id='word_1_62' title='bbox 559 1224 677 1301; x_wconf 85' lang='lat' dir='ltr'><strong>saepius</strong></span> <span class='ocrx_word' id='word_1_63' title='bbox 700 1221 797 1300; x_wconf 80' lang='lat' dir='ltr'><strong>tegito.</strong></span> <span class='ocrx_word' id='word_1_64' title='bbox 842 1230 888 1282; x_wconf 88' lang='lat' dir='ltr'><strong>sot</strong></span> <span class='ocrx_word' id='word_1_65' title='bbox 916 1228 1014 1282; x_wconf 90' lang='lat' dir='ltr'><strong>tamen</strong></span> <span class='ocrx_word' id='word_1_66' title='bbox 1042 1221 1099 1281; x_wconf 88' lang='lat' dir='ltr'><strong>hoc</strong></span> <span class='ocrx_word' id='word_1_67' title='bbox 1127 1220 1198 1281; x_wconf 89' lang='lat' dir='ltr'><strong>mihi</strong></span> <span class='ocrx_word' id='word_1_68' title='bbox 1227 1239 1286 1281; x_wconf 90' lang='lat' dir='ltr'><strong>uon</strong></span> <span class='ocrx_word' id='word_1_69' title='bbox 1309 1229 1442 1299; x_wconf 88' lang='lat' dir='ltr'><strong>praeter·</strong></span> <span class='ocrx_word' id='word_1_70' title='bbox 1493 1288 1497 1289; x_wconf 8' lang='grc' dir='ltr'><em>γ</em></span> 
     </span>
    </p>
   </div>
   <div class='ocr_carea' id='block_1_3' title="bbox 297 1351 535 1367">
    <p class='ocr_par' dir='ltr' id='par_1_5' title="bbox 297 1351 535 1367">
     <span class='ocr_line' id='line_1_9' title="bbox 297 1351 535 1367; baseline -0.004 0"><span class='ocrx_word' id='word_1_71' title='bbox 297 1351 535 1367; x_wconf 74' lang='lat'>——--—--—-—-&#39;</span> 
     </span>
    </p>
   </div>
   <div class='ocr_carea' id='block_1_4' title="bbox 297 1417 1443 1558">
    <p class='ocr_par' dir='ltr' id='par_1_6' title="bbox 297 1417 1443 1558">
     <span class='ocr_line' id='line_1_10' title="bbox 367 1417 1443 1490; baseline -0.001 -16"><span class='ocrx_word' id='word_1_72' title='bbox 367 1429 379 1474; x_wconf 93' lang='lat'>1</span> <span class='ocrx_word' id='word_1_73' title='bbox 400 1426 506 1475; x_wconf 87' lang='lat' dir='ltr'><strong>curiose</strong></span> <span class='ocrx_word' id='word_1_74' title='bbox 525 1427 617 1475; x_wconf 86' lang='lat' dir='ltr'><strong>tunios</strong></span> <span class='ocrx_word' id='word_1_75' title='bbox 638 1423 642 1489; x_wconf 80' lang='grc'><em>1</em></span> <span class='ocrx_word' id='word_1_76' title='bbox 660 1428 676 1476; x_wconf 87' lang='grc'><strong>3</strong></span> <span class='ocrx_word' id='word_1_77' title='bbox 694 1426 799 1475; x_wconf 86' lang='lat' dir='ltr'><strong>habeat</strong></span> <span class='ocrx_word' id='word_1_78' title='bbox 816 1426 929 1489; x_wconf 84' lang='lat' dir='ltr'><strong>scripsi:</strong></span> <span class='ocrx_word' id='word_1_79' title='bbox 943 1424 1028 1474; x_wconf 85' lang='lat' dir='ltr'><strong>habet</strong></span> <span class='ocrx_word' id='word_1_80' title='bbox 1050 1422 1053 1489; x_wconf 94' lang='grc' dir='ltr'>Ι</span> <span class='ocrx_word' id='word_1_81' title='bbox 1076 1417 1278 1490; x_wconf 74' lang='grc' dir='ltr'><strong>4ηθῳιίοἰιιθἸ</strong></span> <span class='ocrx_word' id='word_1_82' title='bbox 1301 1426 1316 1475; x_wconf 84' lang='grc'>5</span> <span class='ocrx_word' id='word_1_83' title='bbox 1336 1426 1443 1474; x_wconf 86' lang='lat' dir='ltr'><strong>constu-</strong></span> 
     </span>
     <span class='ocr_line' id='line_1_11' title="bbox 297 1490 820 1558; baseline -0.002 -15"><span class='ocrx_word' id='word_1_84' title='bbox 297 1490 387 1558; x_wconf 78' lang='lat' dir='ltr'><strong>pariat</strong></span> <span class='ocrx_word' id='word_1_85' title='bbox 405 1494 420 1543; x_wconf 83' lang='grc'><strong>6</strong></span> <span class='ocrx_word' id='word_1_86' title='bbox 439 1492 554 1558; x_wconf 75' lang='lat' dir='ltr'><strong>affrica}</strong></span> <span class='ocrx_word' id='word_1_87' title='bbox 574 1496 588 1543; x_wconf 81' lang='lat' dir='ltr'><strong>t</strong></span> <span class='ocrx_word' id='word_1_88' title='bbox 607 1494 820 1558; x_wconf 88' lang='lat' dir='ltr'><strong>permittendum</strong></span> 
     </span>
    </p>
   </div>
   <div class='ocr_carea' id='block_1_5' title="bbox 366 1678 1443 1744">
    <p class='ocr_par' dir='ltr' id='par_1_7' title="bbox 366 1678 1443 1744">
     <span class='ocr_line' id='line_1_12' title="bbox 366 1678 1443 1744; baseline 0 -16"><span class='ocrx_word' id='word_1_89' title='bbox 366 1680 381 1728; x_wconf 79' lang='lat'><strong>2</strong></span> <span class='ocrx_word' id='word_1_90' title='bbox 400 1679 435 1728; x_wconf 83' lang='lat' dir='ltr'><strong>ab</strong></span> <span class='ocrx_word' id='word_1_91' title='bbox 455 1679 533 1728; x_wconf 84' lang='lat' dir='ltr'><strong>atriis</strong></span> <span class='ocrx_word' id='word_1_92' title='bbox 552 1678 680 1744; x_wconf 83' lang='lat' dir='ltr'><strong>Sapalas]</strong></span> <span class='ocrx_word' id='word_1_93' title='bbox 700 1696 735 1728; x_wconf 78' lang='lat' dir='ltr'><strong>en</strong></span> <span class='ocrx_word' id='word_1_94' title='bbox 752 1678 841 1729; x_wconf 85' lang='lat' dir='ltr'><strong>Sistra</strong></span> <span class='ocrx_word' id='word_1_95' title='bbox 859 1679 940 1744; x_wconf 86' lang='lat' dir='ltr'><strong>palas</strong></span> <span class='ocrx_word' id='word_1_96' title='bbox 962 1680 988 1729; x_wconf 90' lang='lat' dir='ltr'><em>V</em></span> <span class='ocrx_word' id='word_1_97' title='bbox 1010 1679 1044 1729; x_wconf 88' lang='lat' dir='ltr'><strong>ab</strong></span> <span class='ocrx_word' id='word_1_98' title='bbox 1064 1680 1145 1729; x_wconf 82' lang='lat' dir='ltr'><strong>atriis</strong></span> <span class='ocrx_word' id='word_1_99' title='bbox 1164 1678 1363 1743; x_wconf 81' lang='lat' dir='ltr'><strong>exsistrapalas</strong></span> <span class='ocrx_word' id='word_1_100' title='bbox 1381 1682 1390 1728; x_wconf 90' lang='lat' dir='ltr'><strong>l</strong></span> <span class='ocrx_word' id='word_1_101' title='bbox 1408 1682 1443 1728; x_wconf 83' lang='lat'><strong>38</strong></span> 
     </span>
    </p>
   </div>
   <div class='ocr_carea' id='block_1_6' title="bbox 298 1744 1440 1880">
    <p class='ocr_par' dir='ltr' id='par_1_8' title="bbox 298 1744 1440 1880">
     <span class='ocr_line' id='line_1_13' title="bbox 300 1744 1440 1813; baseline -0.002 -16"><span class='ocrx_word' id='word_1_102' title='bbox 300 1746 303 1813; x_wconf 79' lang='lat' dir='ltr'><strong>l</strong></span> <span class='ocrx_word' id='word_1_103' title='bbox 324 1750 340 1797; x_wconf 85' lang='lat'><strong>3</strong></span> <span class='ocrx_word' id='word_1_104' title='bbox 358 1748 467 1797; x_wconf 77' lang='lat' dir='ltr'><strong>Vettios</strong></span> <span class='ocrx_word' id='word_1_105' title='bbox 485 1750 494 1796; x_wconf 86' lang='lat' dir='ltr'><strong>t</strong></span> <span class='ocrx_word' id='word_1_106' title='bbox 510 1745 564 1810; x_wconf 67' lang='lat'><strong>501</strong></span> <span class='ocrx_word' id='word_1_107' title='bbox 588 1751 603 1797; x_wconf 84' lang='lat' dir='ltr'><strong>b</strong></span> <span class='ocrx_word' id='word_1_108' title='bbox 626 1763 711 1812; x_wconf 88' lang='lat' dir='ltr'><strong>prope</strong></span> <span class='ocrx_word' id='word_1_109' title='bbox 735 1748 871 1797; x_wconf 88' lang='lat' dir='ltr'><strong>uirentum</strong></span> <span class='ocrx_word' id='word_1_110' title='bbox 894 1746 1007 1812; x_wconf 84' lang='lat' dir='ltr'><strong>gremiis</strong></span> <span class='ocrx_word' id='word_1_111' title='bbox 1025 1747 1101 1796; x_wconf 81' lang='lat' dir='ltr'><strong>‘liber</strong></span> <span class='ocrx_word' id='word_1_112' title='bbox 1117 1753 1190 1796; x_wconf 87' lang='lat' dir='ltr'><strong>uetus</strong></span> <span class='ocrx_word' id='word_1_113' title='bbox 1208 1751 1283 1797; x_wconf 84' lang='lat' dir='ltr'><strong>unus&#39;</strong></span> <span class='ocrx_word' id='word_1_114' title='bbox 1301 1747 1419 1797; x_wconf 82' lang='lat' dir='ltr'><strong>Lambini</strong></span> <span class='ocrx_word' id='word_1_115' title='bbox 1437 1744 1440 1807; x_wconf 82' lang='grc' dir='ltr'>Ι</span> 
     </span>
     <span class='ocr_line' id='line_1_14' title="bbox 298 1812 1409 1880; baseline -0.001 -16"><span class='ocrx_word' id='word_1_116' title='bbox 298 1817 406 1864; x_wconf 77' lang='lat' dir='ltr'><strong>bnans</strong></span> <span class='ocrx_word' id='word_1_117' title='bbox 423 1815 474 1864; x_wconf 89' lang='lat' dir='ltr'><strong>tibi</strong></span> <span class='ocrx_word' id='word_1_118' title='bbox 492 1813 577 1879; x_wconf 78' lang='lat' dir='ltr'><strong>deLl</strong></span> <span class='ocrx_word' id='word_1_119' title='bbox 596 1818 611 1865; x_wconf 78' lang='grc'>7</span> <span class='ocrx_word' id='word_1_120' title='bbox 630 1831 664 1865; x_wconf 86' lang='lat' dir='ltr'><strong>ea</strong></span> <span class='ocrx_word' id='word_1_121' title='bbox 682 1812 725 1880; x_wconf 89' lang='lat' dir='ltr'><strong>tu]</strong></span> <span class='ocrx_word' id='word_1_122' title='bbox 746 1821 776 1864; x_wconf 89' lang='lat' dir='ltr'><strong>tu</strong></span> <span class='ocrx_word' id='word_1_123' title='bbox 794 1831 829 1865; x_wconf 87' lang='lat' dir='ltr'><strong>ea</strong></span> <span class='ocrx_word' id='word_1_124' title='bbox 851 1817 877 1865; x_wconf 91' lang='lat' dir='ltr'><em>V</em></span> <span class='ocrx_word' id='word_1_125' title='bbox 892 1818 1023 1864; x_wconf 85' lang='grc'><em>138117</em></span> <span class='ocrx_word' id='word_1_126' title='bbox 1042 1817 1092 1863; x_wconf 81' lang='grc'><strong>126</strong></span> <span class='ocrx_word' id='word_1_127' title='bbox 1109 1813 1220 1880; x_wconf 70' lang='lat' dir='ltr'><strong>{legisti</strong></span> <span class='ocrx_word' id='word_1_128' title='bbox 1239 1815 1409 1866; x_wconf 85' lang='lat' dir='ltr'><strong>HAKoeln&#39;us</strong></span> 
     </span>
    </p>
   </div>
   <div class='ocr_carea' id='block_1_7' title="bbox 250 1998 1445 4506">
    <p class='ocr_par' dir='ltr' id='par_1_9' title="bbox 250 1998 1445 4506">
     <span class='ocr_line' id='line_1_15' title="bbox 298 1998 1443 2064; baseline 0.002 -12"><span class='ocrx_word' id='word_1_129' title='bbox 298 2005 362 2054; x_wconf 88' lang='lat' dir='ltr'><strong>cent</strong></span> <span class='ocrx_word' id='word_1_130' title='bbox 376 1999 455 2053; x_wconf 80' lang='lat' dir='ltr'><strong>scelat</strong></span> <span class='ocrx_word' id='word_1_131' title='bbox 466 2000 493 2053; x_wconf 90' lang='lat' dir='ltr'><strong>si</strong></span> <span class='ocrx_word' id='word_1_132' title='bbox 504 1998 625 2055; x_wconf 89' lang='lat' dir='ltr'><strong>Marcus</strong></span> <span class='ocrx_word' id='word_1_133' title='bbox 638 2001 677 2054; x_wconf 82' lang='lat' dir='ltr'><strong>ecel</strong></span> <span class='ocrx_word' id='word_1_134' title='bbox 688 2001 743 2055; x_wconf 82' lang='lat' dir='ltr'><strong>Att.</strong></span> <span class='ocrx_word' id='word_1_135' title='bbox 756 1999 775 2053; x_wconf 93' lang='lat' dir='ltr'><em>I</em></span> <span class='ocrx_word' id='word_1_136' title='bbox 785 2005 826 2064; x_wconf 83' lang='grc'><strong>16,</strong></span> <span class='ocrx_word' id='word_1_137' title='bbox 841 2006 856 2050; x_wconf 83' lang='lat' dir='ltr'><strong>e</strong></span> <span class='ocrx_word' id='word_1_138' title='bbox 884 2015 985 2055; x_wconf 91' lang='lat' dir='ltr'><strong>nomen</strong></span> <span class='ocrx_word' id='word_1_139' title='bbox 998 1998 1095 2055; x_wconf 82' lang='lat' dir='ltr'><strong>Cucios</strong></span> <span class='ocrx_word' id='word_1_140' title='bbox 1118 2006 1146 2056; x_wconf 87' lang='lat' dir='ltr'><strong>et</strong></span> <span class='ocrx_word' id='word_1_141' title='bbox 1162 1999 1263 2055; x_wconf 86' lang='lat' dir='ltr'><strong>Gueios</strong></span> <span class='ocrx_word' id='word_1_142' title='bbox 1282 2004 1310 2056; x_wconf 89' lang='lat' dir='ltr'><strong>et</strong></span> <span class='ocrx_word' id='word_1_143' title='bbox 1327 1999 1404 2054; x_wconf 78' lang='lat' dir='ltr'><strong>nelos</strong></span> <span class='ocrx_word' id='word_1_144' title='bbox 1415 2006 1443 2055; x_wconf 90' lang='lat' dir='ltr'><strong>et</strong></span> 
     </span>
     <span class='ocr_line' id='line_1_16' title="bbox 299 2065 1443 2124; baseline 0 -4"><span class='ocrx_word' id='word_1_145' title='bbox 299 2066 340 2121; x_wconf 85' lang='lat' dir='ltr'><strong>bis</strong></span> <span class='ocrx_word' id='word_1_146' title='bbox 363 2065 520 2121; x_wconf 87' lang='lat' dir='ltr'><strong>absolutum</strong></span> <span class='ocrx_word' id='word_1_147' title='bbox 544 2066 693 2123; x_wconf 78' lang='lat' dir='ltr'><strong>Catilinam</strong></span> <span class='ocrx_word' id='word_1_148' title='bbox 716 2070 785 2123; x_wconf 85' lang='lat' dir='ltr'><strong>dicit</strong></span> <span class='ocrx_word' id='word_1_149' title='bbox 807 2073 858 2123; x_wconf 90' lang='lat' dir='ltr'><strong>aut</strong></span> <span class='ocrx_word' id='word_1_150' title='bbox 883 2068 971 2124; x_wconf 81' lang='lat' dir='ltr'><strong>Cneos</strong></span> <span class='ocrx_word' id='word_1_151' title='bbox 984 2075 1012 2122; x_wconf 90' lang='lat' dir='ltr'><strong>et</strong></span> <span class='ocrx_word' id='word_1_152' title='bbox 1024 2066 1138 2123; x_wconf 85' lang='lat' dir='ltr'><strong>Cuaeios</strong></span> <span class='ocrx_word' id='word_1_153' title='bbox 1151 2075 1178 2123; x_wconf 89' lang='lat' dir='ltr'><strong>et</strong></span> <span class='ocrx_word' id='word_1_154' title='bbox 1188 2068 1292 2123; x_wconf 74' lang='lat' dir='ltr'><strong>Gnaeos</strong></span> <span class='ocrx_word' id='word_1_155' title='bbox 1305 2067 1443 2123; x_wconf 87' lang='lat' dir='ltr'><strong>scribitur</strong></span> 
     </span>
     <span class='ocr_line' id='line_1_17' title="bbox 298 2135 1442 2202; baseline 0.001 -13"><span class='ocrx_word' id='word_1_156' title='bbox 298 2136 413 2189; x_wconf 87' lang='lat' dir='ltr'><strong>inimico</strong></span> <span class='ocrx_word' id='word_1_157' title='bbox 427 2138 477 2190; x_wconf 89' lang='lat' dir='ltr'><strong>uni</strong></span> <span class='ocrx_word' id='word_1_158' title='bbox 489 2137 518 2189; x_wconf 91' lang='lat' dir='ltr'><strong>in</strong></span> <span class='ocrx_word' id='word_1_159' title='bbox 531 2138 639 2191; x_wconf 89' lang='lat' dir='ltr'><strong>crimen</strong></span> <span class='ocrx_word' id='word_1_160' title='bbox 652 2142 777 2191; x_wconf 87' lang='lat' dir='ltr'><strong>uertunt.</strong></span> <span class='ocrx_word' id='word_1_161' title='bbox 883 2138 914 2189; x_wconf 91' lang='lat' dir='ltr'><strong>in</strong></span> <span class='ocrx_word' id='word_1_162' title='bbox 938 2136 1088 2190; x_wconf 86' lang='lat' dir='ltr'><strong>collatione</strong></span> <span class='ocrx_word' id='word_1_163' title='bbox 1115 2135 1388 2202; x_wconf 78' lang='lat' dir='ltr'><strong>Lapomarsiniana,</strong></span> <span class='ocrx_word' id='word_1_164' title='bbox 1412 2138 1442 2190; x_wconf 92' lang='lat' dir='ltr'><strong>in</strong></span> 
     </span>
     <span class='ocr_line' id='line_1_18' title="bbox 342 2202 1442 2270; baseline 0.005 -17"><span class='ocrx_word' id='word_1_165' title='bbox 342 2208 358 2253; x_wconf 82' lang='lat'><strong><em>2</em></strong></span> <span class='ocrx_word' id='word_1_166' title='bbox 376 2202 444 2256; x_wconf 89' lang='lat' dir='ltr'><strong>atria</strong></span> <span class='ocrx_word' id='word_1_167' title='bbox 464 2202 570 2258; x_wconf 73' lang='lat' dir='ltr'><strong>Rornae</strong></span> <span class='ocrx_word' id='word_1_168' title='bbox 592 2206 748 2270; x_wconf 75' lang='lat' dir='ltr'><strong>antiquitus</strong></span> <span class='ocrx_word' id='word_1_169' title='bbox 770 2203 858 2258; x_wconf 89' lang='lat' dir='ltr'><strong>multu</strong></span> <span class='ocrx_word' id='word_1_170' title='bbox 883 2202 1019 2258; x_wconf 86' lang='lat' dir='ltr'><strong>Leidensi</strong></span> <span class='ocrx_word' id='word_1_171' title='bbox 1034 2202 1121 2257; x_wconf 88' lang='lat' dir='ltr'><strong>ueios.</strong></span> <span class='ocrx_word' id='word_1_172' title='bbox 1152 2203 1256 2259; x_wconf 86' lang='lat' dir='ltr'><strong>Vettios</strong></span> <span class='ocrx_word' id='word_1_173' title='bbox 1277 2203 1442 2258; x_wconf 78' lang='lat' dir='ltr'><strong>abambmo</strong></span> 
     </span>
     <span class='ocr_line' id='line_1_19' title="bbox 298 2270 1442 2338; baseline -0.001 -12"><span class='ocrx_word' id='word_1_174' title='bbox 298 2270 421 2338; x_wconf 77' lang='lat' dir='ltr'><strong>suerunt</strong></span> <span class='ocrx_word' id='word_1_175' title='bbox 437 2285 522 2324; x_wconf 91' lang='lat' dir='ltr'><strong>sacro</strong></span> <span class='ocrx_word' id='word_1_176' title='bbox 542 2272 608 2325; x_wconf 89' lang='lat' dir='ltr'><strong>usui</strong></span> <span class='ocrx_word' id='word_1_177' title='bbox 626 2271 793 2338; x_wconf 81' lang='lat' dir='ltr'><strong>publicoque</strong></span> <span class='ocrx_word' id='word_1_178' title='bbox 809 2272 857 2326; x_wconf 84' lang='lat' dir='ltr'><strong>de·</strong></span> <span class='ocrx_word' id='word_1_179' title='bbox 883 2271 1015 2325; x_wconf 85' lang='lat' dir='ltr'><strong>inductos</strong></span> <span class='ocrx_word' id='word_1_180' title='bbox 1032 2286 1086 2336; x_wconf 76' lang='lat' dir='ltr'><strong>quo</strong></span> <span class='ocrx_word' id='word_1_181' title='bbox 1102 2272 1167 2326; x_wconf 88' lang='lat' dir='ltr'><strong>iure</strong></span> <span class='ocrx_word' id='word_1_182' title='bbox 1184 2273 1361 2337; x_wconf 90' lang='lat' dir='ltr'><strong>posteriores</strong></span> <span class='ocrx_word' id='word_1_183' title='bbox 1374 2273 1442 2325; x_wconf 85' lang='lat' dir='ltr'><strong>reti-</strong></span> 
     </span>
     <span class='ocr_line' id='line_1_20' title="bbox 299 2338 1175 2405; baseline 0 -12"><span class='ocrx_word' id='word_1_184' title='bbox 299 2341 416 2402; x_wconf 87' lang='lat' dir='ltr'><strong>stinata,</strong></span> <span class='ocrx_word' id='word_1_185' title='bbox 430 2340 459 2392; x_wconf 90' lang='lat' dir='ltr'><strong>in</strong></span> <span class='ocrx_word' id='word_1_186' title='bbox 472 2339 573 2404; x_wconf 82' lang='lat' dir='ltr'><strong>auibus</strong></span> <span class='ocrx_word' id='word_1_187' title='bbox 593 2338 693 2393; x_wconf 84' lang='lat' dir='ltr'><strong>Vestae</strong></span> <span class='ocrx_word' id='word_1_188' title='bbox 712 2342 817 2394; x_wconf 88' lang='lat' dir='ltr'><strong>atrium</strong></span> <span class='ocrx_word' id='word_1_189' title='bbox 830 2344 858 2393; x_wconf 89' lang='lat' dir='ltr'><strong>et</strong></span> <span class='ocrx_word' id='word_1_190' title='bbox 884 2340 1002 2394; x_wconf 91' lang='lat' dir='ltr'><strong>nuerint</strong></span> <span class='ocrx_word' id='word_1_191' title='bbox 1014 2354 1071 2392; x_wconf 91' lang='lat' dir='ltr'><strong>non</strong></span> <span class='ocrx_word' id='word_1_192' title='bbox 1083 2338 1175 2405; x_wconf 84' lang='lat' dir='ltr'><strong>liquet.</strong></span> 
     </span>
     <span class='ocr_line' id='line_1_21' title="bbox 300 2403 1443 2472; baseline 0.002 -13"><span class='ocrx_word' id='word_1_193' title='bbox 300 2407 454 2460; x_wconf 83' lang='lat' dir='ltr'><strong>Libertatis</strong></span> <span class='ocrx_word' id='word_1_194' title='bbox 471 2412 498 2460; x_wconf 92' lang='lat' dir='ltr'><strong>et</strong></span> <span class='ocrx_word' id='word_1_195' title='bbox 515 2408 545 2460; x_wconf 90' lang='lat' dir='ltr'><strong>in</strong></span> <span class='ocrx_word' id='word_1_196' title='bbox 563 2423 616 2472; x_wconf 79' lang='lat' dir='ltr'><strong>auo</strong></span> <span class='ocrx_word' id='word_1_197' title='bbox 632 2407 779 2472; x_wconf 86' lang='lat' dir='ltr'><strong>callepium</strong></span> <span class='ocrx_word' id='word_1_198' title='bbox 791 2423 857 2461; x_wconf 91' lang='lat' dir='ltr'><strong>can·</strong></span> <span class='ocrx_word' id='word_1_199' title='bbox 928 2411 945 2457; x_wconf 87' lang='lat'><em>3</em></span> <span class='ocrx_word' id='word_1_200' title='bbox 968 2406 1134 2472; x_wconf 85' lang='lat' dir='ltr'><strong>compararit</strong></span> <span class='ocrx_word' id='word_1_201' title='bbox 1155 2407 1237 2471; x_wconf 85' lang='lat' dir='ltr'><strong>libri,</strong></span> <span class='ocrx_word' id='word_1_202' title='bbox 1261 2423 1332 2472; x_wconf 82' lang='lat' dir='ltr'><strong>quos</strong></span> <span class='ocrx_word' id='word_1_203' title='bbox 1354 2403 1443 2471; x_wconf 82' lang='lat' dir='ltr'><strong>Hoffa</strong></span> 
     </span>
     <span class='ocr_line' id='line_1_22' title="bbox 300 2473 1443 2541; baseline 0.001 -12"><span class='ocrx_word' id='word_1_204' title='bbox 300 2474 418 2530; x_wconf 84' lang='lat' dir='ltr'><strong>sistebat</strong></span> <span class='ocrx_word' id='word_1_205' title='bbox 435 2476 663 2540; x_wconf 79' lang='lat' dir='ltr'><strong>antiquissimam</strong></span> <span class='ocrx_word' id='word_1_206' title='bbox 679 2477 819 2530; x_wconf 88' lang='lat' dir='ltr'><strong>sutorium</strong></span> <span class='ocrx_word' id='word_1_207' title='bbox 831 2481 858 2529; x_wconf 91' lang='lat' dir='ltr'><strong>et</strong></span> <span class='ocrx_word' id='word_1_208' title='bbox 884 2479 1069 2540; x_wconf 89' lang='lat' dir='ltr'><strong>aspernatur,</strong></span> <span class='ocrx_word' id='word_1_209' title='bbox 1083 2476 1186 2541; x_wconf 79' lang='lat' dir='ltr'><strong>opinor</strong></span> <span class='ocrx_word' id='word_1_210' title='bbox 1196 2481 1225 2529; x_wconf 91' lang='lat' dir='ltr'><strong>ut</strong></span> <span class='ocrx_word' id='word_1_211' title='bbox 1234 2473 1344 2530; x_wconf 88' lang='lat' dir='ltr'><strong>solocce</strong></span> <span class='ocrx_word' id='word_1_212' title='bbox 1354 2473 1443 2539; x_wconf 77' lang='lat' dir='ltr'><strong>Quin·</strong></span> 
     </span>
     <span class='ocr_line' id='line_1_23' title="bbox 301 2540 1441 2609; baseline 0.001 -13"><span class='ocrx_word' id='word_1_213' title='bbox 301 2540 858 2609; x_wconf 78' lang='lat' dir='ltr'><strong>atriaLiciniaaliaueuuetionariuani·</strong></span> <span class='ocrx_word' id='word_1_214' title='bbox 885 2548 931 2596; x_wconf 88' lang='lat' dir='ltr'><strong>tus</strong></span> <span class='ocrx_word' id='word_1_215' title='bbox 943 2542 1085 2608; x_wconf 76' lang='lat' dir='ltr'><strong>loquatur.</strong></span> <span class='ocrx_word' id='word_1_216' title='bbox 1111 2557 1161 2608; x_wconf 83' lang='lat' dir='ltr'><strong>epo</strong></span> <span class='ocrx_word' id='word_1_217' title='bbox 1178 2542 1231 2596; x_wconf 77' lang='lat' dir='ltr'><strong>noe</strong></span> <span class='ocrx_word' id='word_1_218' title='bbox 1247 2541 1344 2608; x_wconf 82' lang='lat' dir='ltr'><strong>fretus</strong></span> <span class='ocrx_word' id='word_1_219' title='bbox 1361 2548 1441 2597; x_wconf 88' lang='lat' dir='ltr'><strong>uetu-</strong></span> 
     </span>
     <span class='ocr_line' id='line_1_24' title="bbox 301 2609 1441 2676; baseline 0 -12"><span class='ocrx_word' id='word_1_220' title='bbox 301 2610 353 2665; x_wconf 88' lang='lat' dir='ltr'><strong>bus</strong></span> <span class='ocrx_word' id='word_1_221' title='bbox 390 2625 550 2676; x_wconf 82' lang='lat' dir='ltr'><strong>praecones</strong></span> <span class='ocrx_word' id='word_1_222' title='bbox 591 2611 744 2666; x_wconf 89' lang='lat' dir='ltr'><strong>utebantur</strong></span> <span class='ocrx_word' id='word_1_223' title='bbox 783 2609 858 2673; x_wconf 86' lang='lat' dir='ltr'><strong>(Cic.</strong></span> <span class='ocrx_word' id='word_1_224' title='bbox 884 2617 946 2665; x_wconf 87' lang='lat' dir='ltr'><strong>stae</strong></span> <span class='ocrx_word' id='word_1_225' title='bbox 969 2612 1133 2676; x_wconf 88' lang='lat' dir='ltr'><strong>scripturae</strong></span> <span class='ocrx_word' id='word_1_226' title='bbox 1157 2610 1262 2665; x_wconf 88' lang='lat' dir='ltr'><strong>indicio</strong></span> <span class='ocrx_word' id='word_1_227' title='bbox 1285 2611 1441 2664; x_wconf 89' lang='lat' dir='ltr'><strong>coniuncti-</strong></span> 
     </span>
     <span class='ocr_line' id='line_1_25' title="bbox 298 2675 1425 2745; baseline -0.002 -13"><span class='ocrx_word' id='word_1_228' title='bbox 298 2695 319 2744; x_wconf 91' lang='lat' dir='ltr'><strong>p</strong></span> <span class='ocrx_word' id='word_1_229' title='bbox 326 2677 457 2744; x_wconf 80' lang='lat' dir='ltr'><strong>Quinctio</strong></span> <span class='ocrx_word' id='word_1_230' title='bbox 469 2675 490 2744; x_wconf 79' lang='lat'><em>§</em></span> <span class='ocrx_word' id='word_1_231' title='bbox 500 2683 532 2728; x_wconf 84' lang='lat'><strong>12</strong></span> <span class='ocrx_word' id='word_1_232' title='bbox 542 2683 569 2732; x_wconf 91' lang='lat' dir='ltr'><strong>et</strong></span> <span class='ocrx_word' id='word_1_233' title='bbox 580 2678 615 2733; x_wconf 86' lang='lat' dir='ltr'><strong>de</strong></span> <span class='ocrx_word' id='word_1_234' title='bbox 624 2678 684 2744; x_wconf 81' lang='lat' dir='ltr'><strong>lepe</strong></span> <span class='ocrx_word' id='word_1_235' title='bbox 695 2696 755 2745; x_wconf 78' lang='lat' dir='ltr'><strong>apr.</strong></span> <span class='ocrx_word' id='word_1_236' title='bbox 765 2678 784 2732; x_wconf 90' lang='lat' dir='ltr'><em>I</em></span> <span class='ocrx_word' id='word_1_237' title='bbox 790 2676 811 2745; x_wconf 61' lang='grc' dir='ltr'><em>ἕ</em></span> <span class='ocrx_word' id='word_1_238' title='bbox 823 2679 858 2742; x_wconf 89' lang='lat'><strong>7).</strong></span> <span class='ocrx_word' id='word_1_239' title='bbox 886 2693 937 2732; x_wconf 91' lang='lat' dir='ltr'><strong>uos</strong></span> <span class='ocrx_word' id='word_1_240' title='bbox 951 2681 1069 2744; x_wconf 89' lang='lat' dir='ltr'><strong>reposui</strong></span> <span class='ocrx_word' id='word_1_241' title='bbox 1081 2679 1238 2732; x_wconf 85' lang='lat' dir='ltr'><strong>seeundum</strong></span> <span class='ocrx_word' id='word_1_242' title='bbox 1249 2677 1425 2733; x_wconf 85' lang='lat' dir='ltr'><strong>Ernestium.</strong></span> 
     </span>
     <span class='ocr_line' id='line_1_26' title="bbox 301 2745 1442 2814; baseline -0.002 -14"><span class='ocrx_word' id='word_1_243' title='bbox 301 2745 388 2800; x_wconf 81' lang='lat' dir='ltr'><strong>buius</strong></span> <span class='ocrx_word' id='word_1_244' title='bbox 399 2747 514 2811; x_wconf 80' lang='lat' dir='ltr'><strong>pencris</strong></span> <span class='ocrx_word' id='word_1_245' title='bbox 527 2747 618 2808; x_wconf 84' lang='lat' dir='ltr'><strong>atria,</strong></span> <span class='ocrx_word' id='word_1_246' title='bbox 638 2762 710 2811; x_wconf 76' lang='lat' dir='ltr'><strong>quire</strong></span> <span class='ocrx_word' id='word_1_247' title='bbox 725 2747 793 2814; x_wconf 83' lang='lat' dir='ltr'><strong>foro</strong></span> <span class='ocrx_word' id='word_1_248' title='bbox 806 2763 858 2812; x_wconf 82' lang='lat' dir='ltr'><strong>pa</strong></span> <span class='ocrx_word' id='word_1_249' title='bbox 928 2750 943 2795; x_wconf 78' lang='lat' dir='ltr'><strong>e</strong></span> <span class='ocrx_word' id='word_1_250' title='bbox 961 2746 1112 2811; x_wconf 80' lang='lat' dir='ltr'><strong>defensam</strong></span> <span class='ocrx_word' id='word_1_251' title='bbox 1125 2761 1189 2801; x_wconf 89' lang='lat' dir='ltr'><strong>esse</strong></span> <span class='ocrx_word' id='word_1_252' title='bbox 1203 2745 1353 2800; x_wconf 84' lang='lat' dir='ltr'><strong>Catilinam</strong></span> <span class='ocrx_word' id='word_1_253' title='bbox 1367 2764 1384 2799; x_wconf 91' lang='lat' dir='ltr'><strong>a</strong></span> <span class='ocrx_word' id='word_1_254' title='bbox 1399 2745 1442 2800; x_wconf 89' lang='lat' dir='ltr'><strong>Ci-</strong></span> 
     </span>
     <span class='ocr_line' id='line_1_27' title="bbox 303 2813 1441 2881; baseline 0.001 -14"><span class='ocrx_word' id='word_1_255' title='bbox 303 2815 442 2868; x_wconf 88' lang='lat' dir='ltr'><strong>tissimum</strong></span> <span class='ocrx_word' id='word_1_256' title='bbox 459 2819 486 2867; x_wconf 90' lang='lat' dir='ltr'><strong>et</strong></span> <span class='ocrx_word' id='word_1_257' title='bbox 500 2813 616 2868; x_wconf 89' lang='lat' dir='ltr'><strong>macello</strong></span> <span class='ocrx_word' id='word_1_258' title='bbox 633 2816 731 2868; x_wconf 89' lang='lat' dir='ltr'><strong>iuncta</strong></span> <span class='ocrx_word' id='word_1_259' title='bbox 752 2831 787 2868; x_wconf 89' lang='lat' dir='ltr'><strong>uc</strong></span> <span class='ocrx_word' id='word_1_260' title='bbox 803 2829 859 2881; x_wconf 89' lang='lat' dir='ltr'><strong>per</strong></span> <span class='ocrx_word' id='word_1_261' title='bbox 884 2828 987 2868; x_wconf 87' lang='lat' dir='ltr'><strong>carone</strong></span> <span class='ocrx_word' id='word_1_262' title='bbox 1000 2829 1064 2868; x_wconf 90' lang='lat' dir='ltr'><strong>cum</strong></span> <span class='ocrx_word' id='word_1_263' title='bbox 1077 2814 1173 2868; x_wconf 80' lang='lat' dir='ltr'><strong>redux</strong></span> <span class='ocrx_word' id='word_1_264' title='bbox 1190 2829 1229 2868; x_wconf 73' lang='lat' dir='ltr'><strong>ecc</strong></span> <span class='ocrx_word' id='word_1_265' title='bbox 1240 2813 1345 2880; x_wconf 74' lang='lat' dir='ltr'><strong>Africa</strong></span> <span class='ocrx_word' id='word_1_266' title='bbox 1360 2829 1441 2880; x_wconf 89' lang='lat' dir='ltr'><strong>repe-</strong></span> 
     </span>
     <span class='ocr_line' id='line_1_28' title="bbox 299 2880 1443 2949; baseline 0.003 -16"><span class='ocrx_word' id='word_1_267' title='bbox 299 2882 513 2949; x_wconf 79' lang='lat' dir='ltr'><strong>freqnentiores</strong></span> <span class='ocrx_word' id='word_1_268' title='bbox 527 2880 606 2936; x_wconf 87' lang='lat' dir='ltr'><strong>urbis</strong></span> <span class='ocrx_word' id='word_1_269' title='bbox 619 2883 751 2948; x_wconf 81' lang='lat' dir='ltr'><strong>repiones</strong></span> <span class='ocrx_word' id='word_1_270' title='bbox 764 2883 858 2949; x_wconf 87' lang='lat' dir='ltr'><strong>dispo·</strong></span> <span class='ocrx_word' id='word_1_271' title='bbox 885 2882 1040 2936; x_wconf 81' lang='lat' dir='ltr'><strong>turdarum</strong></span> <span class='ocrx_word' id='word_1_272' title='bbox 1054 2899 1072 2935; x_wconf 90' lang='lat' dir='ltr'><strong>a</strong></span> <span class='ocrx_word' id='word_1_273' title='bbox 1085 2880 1179 2936; x_wconf 83' lang='lat' dir='ltr'><strong>Clodio</strong></span> <span class='ocrx_word' id='word_1_274' title='bbox 1193 2881 1443 2936; x_wconf 81' lang='lat' dir='ltr'><strong>accusareturFe·</strong></span> 
     </span>
     <span class='ocr_line' id='line_1_29' title="bbox 301 2948 1441 3015; baseline -0.001 -12"><span class='ocrx_word' id='word_1_275' title='bbox 301 2951 357 3003; x_wconf 90' lang='lat' dir='ltr'><strong>situ</strong></span> <span class='ocrx_word' id='word_1_276' title='bbox 374 2948 469 3014; x_wconf 80' lang='lat' dir='ltr'><strong>fuisse</strong></span> <span class='ocrx_word' id='word_1_277' title='bbox 480 2966 538 3015; x_wconf 89' lang='lat' dir='ltr'><strong>pur</strong></span> <span class='ocrx_word' id='word_1_278' title='bbox 550 2955 605 3010; x_wconf 88' lang='lat' dir='ltr'><strong>est,</strong></span> <span class='ocrx_word' id='word_1_279' title='bbox 622 2957 723 3015; x_wconf 87' lang='lat' dir='ltr'><strong>postea</strong></span> <span class='ocrx_word' id='word_1_280' title='bbox 736 2952 858 3005; x_wconf 84' lang='lat' dir='ltr'><strong>cessisse</strong></span> <span class='ocrx_word' id='word_1_281' title='bbox 885 2949 1005 3004; x_wconf 92' lang='lat' dir='ltr'><strong>nestellu</strong></span> <span class='ocrx_word' id='word_1_282' title='bbox 1022 2951 1074 3009; x_wconf 90' lang='lat' dir='ltr'><strong>ait,</strong></span> <span class='ocrx_word' id='word_1_283' title='bbox 1092 2955 1177 3015; x_wconf 76' lang='lat' dir='ltr'><strong>nepot</strong></span> <span class='ocrx_word' id='word_1_284' title='bbox 1193 2950 1351 3007; x_wconf 82' lang='lat' dir='ltr'><strong>Asconius:</strong></span> <span class='ocrx_word' id='word_1_285' title='bbox 1368 2952 1441 3015; x_wconf 82' lang='lat' dir='ltr'><strong>copi·</strong></span> 
     </span>
     <span class='ocr_line' id='line_1_30' title="bbox 301 3017 1443 3091; baseline -0.001 -20"><span class='ocrx_word' id='word_1_286' title='bbox 301 3018 437 3072; x_wconf 87' lang='lat' dir='ltr'><strong>uidentur</strong></span> <span class='ocrx_word' id='word_1_287' title='bbox 466 3018 702 3083; x_wconf 77' lang='lat' dir='ltr'><strong>mapnificentiori</strong></span> <span class='ocrx_word' id='word_1_288' title='bbox 726 3018 857 3073; x_wconf 89' lang='lat' dir='ltr'><strong>basilica-</strong></span> <span class='ocrx_word' id='word_1_289' title='bbox 885 3024 947 3071; x_wconf 89' lang='lat' dir='ltr'><strong>tare</strong></span> <span class='ocrx_word' id='word_1_290' title='bbox 980 3031 1011 3071; x_wconf 88' lang='lat' dir='ltr'><strong>se</strong></span> <span class='ocrx_word' id='word_1_291' title='bbox 1044 3017 1201 3091; x_wconf 81' lang='lat' dir='ltr'><strong>defendere</strong></span> <span class='ocrx_word' id='word_1_292' title='bbox 1234 3020 1443 3083; x_wconf 75' lang='lat' dir='ltr'><strong>competitorem</strong></span> 
     </span>
     <span class='ocr_line' id='line_1_31' title="bbox 301 3084 1442 3153; baseline 0 -15"><span class='ocrx_word' id='word_1_293' title='bbox 301 3101 366 3140; x_wconf 89' lang='lat' dir='ltr'><strong>rum</strong></span> <span class='ocrx_word' id='word_1_294' title='bbox 382 3087 542 3151; x_wconf 88' lang='lat' dir='ltr'><strong>porticuum</strong></span> <span class='ocrx_word' id='word_1_295' title='bbox 555 3084 719 3140; x_wconf 80' lang='lat' dir='ltr'><strong>scholarum</strong></span> <span class='ocrx_word' id='word_1_296' title='bbox 733 3103 857 3153; x_wconf 87' lang='lat' dir='ltr'><strong>apparu-</strong></span> <span class='ocrx_word' id='word_1_297' title='bbox 884 3086 945 3139; x_wconf 88' lang='lat' dir='ltr'><strong>ise</strong></span> <span class='ocrx_word' id='word_1_298' title='bbox 974 3086 1012 3138; x_wconf 88' lang='lat' dir='ltr'><strong>ad</strong></span> <span class='ocrx_word' id='word_1_299' title='bbox 1035 3086 1157 3141; x_wconf 74' lang='lat' dir='ltr'><strong>Atticam</strong></span> <span class='ocrx_word' id='word_1_300' title='bbox 1185 3086 1302 3151; x_wconf 84' lang='lat' dir='ltr'><strong>scripsit</strong></span> <span class='ocrx_word' id='word_1_301' title='bbox 1325 3084 1345 3139; x_wconf 88' lang='grc' dir='ltr'><em>Ι</em></span> <span class='ocrx_word' id='word_1_302' title='bbox 1366 3090 1394 3147; x_wconf 84' lang='lat'><strong>2,</strong></span> <span class='ocrx_word' id='word_1_303' title='bbox 1419 3091 1442 3139; x_wconf 91' lang='lat'><strong>1.</strong></span> 
     </span>
     <span class='ocr_line' id='line_1_32' title="bbox 302 3103 1442 3220; baseline -0.001 -13"><span class='ocrx_word' id='word_1_304' title='bbox 302 3155 380 3217; x_wconf 85' lang='lat' dir='ltr'><strong>liant,</strong></span> <span class='ocrx_word' id='word_1_305' title='bbox 398 3153 533 3220; x_wconf 69' lang='lat' dir='ltr'><strong>quomodo</strong></span> <span class='ocrx_word' id='word_1_306' title='bbox 545 3152 679 3208; x_wconf 86' lang='lat' dir='ltr'><strong>Porciam</strong></span> <span class='ocrx_word' id='word_1_307' title='bbox 699 3153 766 3208; x_wconf 92' lang='lat' dir='ltr'><strong>Cato</strong></span> <span class='ocrx_word' id='word_1_308' title='bbox 784 3154 858 3209; x_wconf 88' lang='lat' dir='ltr'><strong>basi·</strong></span> <span class='ocrx_word' id='word_1_309' title='bbox 886 3103 984 3216; x_wconf 58' lang='lat' dir='ltr'><strong>duinti</strong></span> <span class='ocrx_word' id='word_1_310' title='bbox 1001 3152 1090 3206; x_wconf 79' lang='lat' dir='ltr'><strong>nerlu</strong></span> <span class='ocrx_word' id='word_1_311' title='bbox 1106 3155 1260 3207; x_wconf 84' lang='lat' dir='ltr'><strong>Ascanium</strong></span> <span class='ocrx_word' id='word_1_312' title='bbox 1277 3154 1367 3218; x_wconf 78' lang='lat' dir='ltr'><strong>mapis</strong></span> <span class='ocrx_word' id='word_1_313' title='bbox 1391 3153 1442 3206; x_wconf 84' lang='lat' dir='ltr'><strong>uel·-</strong></span> 
     </span>
     <span class='ocr_line' id='line_1_33' title="bbox 302 3220 1443 3287; baseline 0 -13"><span class='ocrx_word' id='word_1_314' title='bbox 302 3221 386 3276; x_wconf 91' lang='lat' dir='ltr'><strong>lieam</strong></span> <span class='ocrx_word' id='word_1_315' title='bbox 403 3222 513 3276; x_wconf 83' lang='lat' dir='ltr'><strong>duobus</strong></span> <span class='ocrx_word' id='word_1_316' title='bbox 529 3224 629 3287; x_wconf 87' lang='lat' dir='ltr'><strong>emptis</strong></span> <span class='ocrx_word' id='word_1_317' title='bbox 646 3223 730 3276; x_wconf 84' lang='lat' dir='ltr'><strong>atriis</strong></span> <span class='ocrx_word' id='word_1_318' title='bbox 742 3227 768 3276; x_wconf 91' lang='lat' dir='ltr'><strong>et</strong></span> <span class='ocrx_word' id='word_1_319' title='bbox 780 3227 860 3287; x_wconf 79' lang='lat' dir='ltr'><strong>aaut·</strong></span> <span class='ocrx_word' id='word_1_320' title='bbox 886 3222 988 3273; x_wconf 73' lang='lat' dir='ltr'><strong>inritent</strong></span> <span class='ocrx_word' id='word_1_321' title='bbox 1022 3237 1105 3285; x_wconf 77' lang='lat' dir='ltr'><strong>aarum</strong></span> <span class='ocrx_word' id='word_1_322' title='bbox 1134 3220 1340 3276; x_wconf 85' lang='lat' dir='ltr'><strong>Fenestellam:</strong></span> <span class='ocrx_word' id='word_1_323' title='bbox 1374 3221 1443 3286; x_wconf 82' lang='lat' dir='ltr'><strong>quin</strong></span> 
     </span>
     <span class='ocr_line' id='line_1_34' title="bbox 302 3287 1443 3355; baseline 0 -14"><span class='ocrx_word' id='word_1_324' title='bbox 302 3297 368 3343; x_wconf 87' lang='lat' dir='ltr'><strong>tuor</strong></span> <span class='ocrx_word' id='word_1_325' title='bbox 402 3289 530 3343; x_wconf 86' lang='lat' dir='ltr'><strong>tabernis</strong></span> <span class='ocrx_word' id='word_1_326' title='bbox 558 3289 587 3343; x_wconf 90' lang='lat' dir='ltr'><strong>in</strong></span> <span class='ocrx_word' id='word_1_327' title='bbox 621 3289 688 3355; x_wconf 77' lang='lat' dir='ltr'><strong>foro</strong></span> <span class='ocrx_word' id='word_1_328' title='bbox 717 3290 858 3344; x_wconf 75' lang='lat' dir='ltr'><strong>extrusit.</strong></span> <span class='ocrx_word' id='word_1_329' title='bbox 886 3288 960 3341; x_wconf 89' lang='lat' dir='ltr'><strong>enim</strong></span> <span class='ocrx_word' id='word_1_330' title='bbox 977 3287 1279 3350; x_wconf 80' lang='lat' dir='ltr'><strong>dinitnotatibisuut‚</strong></span> <span class='ocrx_word' id='word_1_331' title='bbox 1298 3304 1351 3343; x_wconf 90' lang='lat' dir='ltr'><strong>cur</strong></span> <span class='ocrx_word' id='word_1_332' title='bbox 1368 3289 1443 3342; x_wconf 79' lang='lat' dir='ltr'><strong>aierit</strong></span> 
     </span>
     <span class='ocr_line' id='line_1_35' title="bbox 303 3354 1445 3423; baseline 0 -14"><span class='ocrx_word' id='word_1_333' title='bbox 303 3355 426 3423; x_wconf 84' lang='lat' dir='ltr'><strong>Quintus</strong></span> <span class='ocrx_word' id='word_1_334' title='bbox 439 3358 526 3422; x_wconf 81' lang='lat' dir='ltr'><strong>ipitnr</strong></span> <span class='ocrx_word' id='word_1_335' title='bbox 538 3356 586 3411; x_wconf 93' lang='lat' dir='ltr'><strong>ubi</strong></span> <span class='ocrx_word' id='word_1_336' title='bbox 597 3356 724 3411; x_wconf 79' lang='lat' dir='ltr'><strong>nomines</strong></span> <span class='ocrx_word' id='word_1_337' title='bbox 736 3355 770 3410; x_wconf 90' lang='lat' dir='ltr'><strong>ab</strong></span> <span class='ocrx_word' id='word_1_338' title='bbox 783 3354 859 3410; x_wconf 90' lang='lat' dir='ltr'><strong>atriis</strong></span> <span class='ocrx_word' id='word_1_339' title='bbox 886 3362 951 3408; x_wconf 88' lang='lat' dir='ltr'><strong>nota</strong></span> <span class='ocrx_word' id='word_1_340' title='bbox 964 3362 1029 3409; x_wconf 91' lang='lat' dir='ltr'><strong>sunt</strong></span> <span class='ocrx_word' id='word_1_341' title='bbox 1046 3356 1077 3408; x_wconf 85' lang='lat' dir='ltr'><strong>id</strong></span> <span class='ocrx_word' id='word_1_342' title='bbox 1092 3361 1135 3409; x_wconf 88' lang='lat' dir='ltr'><strong>est</strong></span> <span class='ocrx_word' id='word_1_343' title='bbox 1152 3370 1248 3409; x_wconf 89' lang='lat' dir='ltr'><strong>omnes</strong></span> <span class='ocrx_word' id='word_1_344' title='bbox 1264 3370 1299 3410; x_wconf 90' lang='lat' dir='ltr'><strong>eu</strong></span> <span class='ocrx_word' id='word_1_345' title='bbox 1316 3362 1445 3410; x_wconf 73' lang='lat' dir='ltr'><strong>aarum?</strong></span> 
     </span>
     <span class='ocr_line' id='line_1_36' title="bbox 302 3421 1442 3490; baseline -0.001 -12"><span class='ocrx_word' id='word_1_346' title='bbox 302 3425 378 3478; x_wconf 80' lang='lat' dir='ltr'><strong>dixit</strong></span> <span class='ocrx_word' id='word_1_347' title='bbox 396 3452 426 3460; x_wconf 92' lang='lat'><em>-</em></span> <span class='ocrx_word' id='word_1_348' title='bbox 444 3425 585 3478; x_wconf 87' lang='lat' dir='ltr'><strong>interiecit</strong></span> <span class='ocrx_word' id='word_1_349' title='bbox 607 3432 701 3479; x_wconf 86' lang='lat' dir='ltr'><strong>autern</strong></span> <span class='ocrx_word' id='word_1_350' title='bbox 723 3425 799 3478; x_wconf 89' lang='lat' dir='ltr'><strong>inter</strong></span> <span class='ocrx_word' id='word_1_351' title='bbox 815 3439 859 3481; x_wconf 89' lang='lat' dir='ltr'><strong>se·</strong></span> <span class='ocrx_word' id='word_1_352' title='bbox 884 3428 1039 3489; x_wconf 86' lang='lat' dir='ltr'><strong>praeterea</strong></span> <span class='ocrx_word' id='word_1_353' title='bbox 1051 3421 1172 3477; x_wconf 90' lang='lat' dir='ltr'><strong>Murcus</strong></span> <span class='ocrx_word' id='word_1_354' title='bbox 1181 3438 1216 3476; x_wconf 90' lang='lat' dir='ltr'><strong>ea</strong></span> <span class='ocrx_word' id='word_1_355' title='bbox 1228 3421 1322 3488; x_wconf 82' lang='lat' dir='ltr'><strong>legere</strong></span> <span class='ocrx_word' id='word_1_356' title='bbox 1332 3423 1442 3490; x_wconf 88' lang='lat' dir='ltr'><strong>saepius</strong></span> 
     </span>
     <span class='ocr_line' id='line_1_37' title="bbox 303 3490 1442 3558; baseline -0.002 -12"><span class='ocrx_word' id='word_1_357' title='bbox 303 3498 419 3547; x_wconf 85' lang='lat' dir='ltr'><strong>autores</strong></span> <span class='ocrx_word' id='word_1_358' title='bbox 436 3497 463 3546; x_wconf 91' lang='lat' dir='ltr'><strong>et</strong></span> <span class='ocrx_word' id='word_1_359' title='bbox 480 3492 587 3558; x_wconf 80' lang='lat' dir='ltr'><strong>equites</strong></span> <span class='ocrx_word' id='word_1_360' title='bbox 601 3496 722 3556; x_wconf 85' lang='lat' dir='ltr'><strong>propter</strong></span> <span class='ocrx_word' id='word_1_361' title='bbox 738 3491 794 3545; x_wconf 87' lang='lat' dir='ltr'><strong>toci</strong></span> <span class='ocrx_word' id='word_1_362' title='bbox 809 3507 856 3545; x_wconf 91' lang='lat' dir='ltr'><strong>no·</strong></span> <span class='ocrx_word' id='word_1_363' title='bbox 884 3490 1010 3553; x_wconf 82' lang='lat' dir='ltr'><strong>iubetur,</strong></span> <span class='ocrx_word' id='word_1_364' title='bbox 1027 3491 1112 3557; x_wconf 79' lang='lat' dir='ltr'><strong>quasi</strong></span> <span class='ocrx_word' id='word_1_365' title='bbox 1127 3506 1185 3544; x_wconf 91' lang='lat' dir='ltr'><strong>non</strong></span> <span class='ocrx_word' id='word_1_366' title='bbox 1198 3505 1342 3556; x_wconf 88' lang='lat' dir='ltr'><strong>praesens</strong></span> <span class='ocrx_word' id='word_1_367' title='bbox 1360 3490 1442 3544; x_wconf 83' lang='lat' dir='ltr'><strong>audi·</strong></span> 
     </span>
     <span class='ocr_line' id='line_1_38' title="bbox 303 3557 1441 3622; baseline -0.003 -8"><span class='ocrx_word' id='word_1_368' title='bbox 303 3564 405 3615; x_wconf 87' lang='lat' dir='ltr'><strong>tionem</strong></span> <span class='ocrx_word' id='word_1_369' title='bbox 424 3558 501 3614; x_wconf 88' lang='lat' dir='ltr'><strong>atriis</strong></span> <span class='ocrx_word' id='word_1_370' title='bbox 518 3573 692 3613; x_wconf 85' lang='lat' dir='ltr'><strong>communem</strong></span> <span class='ocrx_word' id='word_1_371' title='bbox 708 3574 772 3614; x_wconf 83' lang='lat' dir='ltr'><strong>carn</strong></span> <span class='ocrx_word' id='word_1_372' title='bbox 784 3559 859 3613; x_wconf 87' lang='lat' dir='ltr'><strong>curia</strong></span> <span class='ocrx_word' id='word_1_373' title='bbox 886 3559 968 3619; x_wconf 88' lang='lat' dir='ltr'><strong>uerit,</strong></span> <span class='ocrx_word' id='word_1_374' title='bbox 981 3557 1086 3612; x_wconf 87' lang='lat' dir='ltr'><strong>litteris</strong></span> <span class='ocrx_word' id='word_1_375' title='bbox 1098 3559 1288 3622; x_wconf 81' lang='lat' dir='ltr'><strong>consipnarit,</strong></span> <span class='ocrx_word' id='word_1_376' title='bbox 1302 3559 1388 3613; x_wconf 88' lang='lat' dir='ltr'><strong>etiarn</strong></span> <span class='ocrx_word' id='word_1_377' title='bbox 1399 3565 1441 3612; x_wconf 88' lang='lat' dir='ltr'><strong>at-</strong></span> 
     </span>
     <span class='ocr_line' id='line_1_39' title="bbox 303 3626 1442 3693; baseline -0.003 -10"><span class='ocrx_word' id='word_1_378' title='bbox 303 3654 336 3666; x_wconf 82' lang='lat'><em>-</em></span> <span class='ocrx_word' id='word_1_379' title='bbox 353 3627 401 3683; x_wconf 89' lang='lat' dir='ltr'><strong>uel</strong></span> <span class='ocrx_word' id='word_1_380' title='bbox 415 3627 523 3693; x_wconf 89' lang='lat' dir='ltr'><strong>plebem</strong></span> <span class='ocrx_word' id='word_1_381' title='bbox 544 3626 726 3692; x_wconf 81' lang='lat' dir='ltr'><strong>callepiorum</strong></span> <span class='ocrx_word' id='word_1_382' title='bbox 748 3626 795 3681; x_wconf 90' lang='lat' dir='ltr'><strong>uel</strong></span> <span class='ocrx_word' id='word_1_383' title='bbox 812 3643 857 3682; x_wconf 89' lang='lat' dir='ltr'><strong>eo·</strong></span> <span class='ocrx_word' id='word_1_384' title='bbox 884 3641 936 3691; x_wconf 78' lang='lat' dir='ltr'><strong>pne</strong></span> <span class='ocrx_word' id='word_1_385' title='bbox 949 3627 1035 3680; x_wconf 87' lang='lat' dir='ltr'><strong>etiarn</strong></span> <span class='ocrx_word' id='word_1_386' title='bbox 1047 3627 1442 3691; x_wconf 87' lang='lat' dir='ltr'><strong>secumrepntarit,oratione</strong></span> 
     </span>
     <span class='ocr_line' id='line_1_40' title="bbox 303 3693 1442 3761; baseline -0.001 -12"><span class='ocrx_word' id='word_1_387' title='bbox 303 3702 403 3750; x_wconf 77' lang='lat' dir='ltr'><strong>curetes</strong></span> <span class='ocrx_word' id='word_1_388' title='bbox 412 3696 442 3748; x_wconf 93' lang='lat' dir='ltr'><strong>in</strong></span> <span class='ocrx_word' id='word_1_389' title='bbox 450 3694 564 3761; x_wconf 88' lang='lat' dir='ltr'><strong>publico</strong></span> <span class='ocrx_word' id='word_1_390' title='bbox 574 3693 624 3748; x_wconf 89' lang='lat' dir='ltr'><strong>illa</strong></span> <span class='ocrx_word' id='word_1_391' title='bbox 633 3694 695 3749; x_wconf 88' lang='lat' dir='ltr'><strong>loca</strong></span> <span class='ocrx_word' id='word_1_392' title='bbox 704 3694 769 3749; x_wconf 87' lang='lat' dir='ltr'><strong>cum</strong></span> <span class='ocrx_word' id='word_1_393' title='bbox 779 3694 858 3761; x_wconf 88' lang='lat' dir='ltr'><strong>plebe</strong></span> <span class='ocrx_word' id='word_1_394' title='bbox 884 3693 1005 3759; x_wconf 76' lang='lat' dir='ltr'><strong>denique</strong></span> <span class='ocrx_word' id='word_1_395' title='bbox 1011 3695 1206 3758; x_wconf 88' lang='lat' dir='ltr'><strong>pertrectarit.</strong></span> <span class='ocrx_word' id='word_1_396' title='bbox 1222 3693 1268 3748; x_wconf 85' lang='lat' dir='ltr'><strong>bis</strong></span> <span class='ocrx_word' id='word_1_397' title='bbox 1279 3693 1376 3750; x_wconf 86' lang='lat' dir='ltr'><strong>uerbis</strong></span> <span class='ocrx_word' id='word_1_398' title='bbox 1385 3709 1442 3749; x_wconf 89' lang='lat' dir='ltr'><strong>non</strong></span> 
     </span>
     <span class='ocr_line' id='line_1_41' title="bbox 303 3759 1442 3828; baseline -0.001 -11"><span class='ocrx_word' id='word_1_399' title='bbox 303 3759 754 3828; x_wconf 79' lang='lat' dir='ltr'><strong>nominesmiscrossipnificuuit.</strong></span> <span class='ocrx_word' id='word_1_400' title='bbox 775 3777 858 3817; x_wconf 90' lang='lat' dir='ltr'><strong>sena·</strong></span> <span class='ocrx_word' id='word_1_401' title='bbox 885 3762 1069 3816; x_wconf 84' lang='lat' dir='ltr'><strong>admonemus</strong></span> <span class='ocrx_word' id='word_1_402' title='bbox 1096 3760 1237 3819; x_wconf 85' lang='lat' dir='ltr'><strong>bominem</strong></span> <span class='ocrx_word' id='word_1_403' title='bbox 1265 3769 1296 3816; x_wconf 90' lang='lat' dir='ltr'><strong>ut</strong></span> <span class='ocrx_word' id='word_1_404' title='bbox 1319 3776 1370 3816; x_wconf 89' lang='lat' dir='ltr'><strong>eas</strong></span> <span class='ocrx_word' id='word_1_405' title='bbox 1393 3777 1442 3817; x_wconf 89' lang='lat' dir='ltr'><strong>res</strong></span> 
     </span>
     <span class='ocr_line' id='line_1_42' title="bbox 304 3829 1441 3897; baseline -0.002 -13"><span class='ocrx_word' id='word_1_406' title='bbox 304 3838 381 3886; x_wconf 90' lang='lat' dir='ltr'><strong>tores</strong></span> <span class='ocrx_word' id='word_1_407' title='bbox 393 3846 463 3897; x_wconf 80' lang='lat' dir='ltr'><strong>quos</strong></span> <span class='ocrx_word' id='word_1_408' title='bbox 480 3831 639 3884; x_wconf 88' lang='lat' dir='ltr'><strong>nominauit</strong></span> <span class='ocrx_word' id='word_1_409' title='bbox 651 3829 682 3895; x_wconf 80' lang='lat' dir='ltr'><strong>Q.</strong></span> <span class='ocrx_word' id='word_1_410' title='bbox 695 3829 820 3884; x_wconf 74' lang='lat' dir='ltr'><strong>Asinium</strong></span> <span class='ocrx_word' id='word_1_411' title='bbox 832 3836 860 3885; x_wconf 90' lang='lat' dir='ltr'><strong>et</strong></span> <span class='ocrx_word' id='word_1_412' title='bbox 885 3829 987 3894; x_wconf 77' lang='lat' dir='ltr'><strong>quibus</strong></span> <span class='ocrx_word' id='word_1_413' title='bbox 999 3829 1166 3896; x_wconf 84' lang='lat' dir='ltr'><strong>interfuerit</strong></span> <span class='ocrx_word' id='word_1_414' title='bbox 1178 3831 1313 3884; x_wconf 87' lang='lat' dir='ltr'><strong>memoria</strong></span> <span class='ocrx_word' id='word_1_415' title='bbox 1323 3835 1441 3896; x_wconf 84' lang='lat' dir='ltr'><strong>repetat,</strong></span> 
     </span>
     <span class='ocr_line' id='line_1_43' title="bbox 305 3896 1442 3965; baseline -0.002 -12"><span class='ocrx_word' id='word_1_416' title='bbox 305 3898 337 3965; x_wconf 81' lang='lat' dir='ltr'><strong>Q.</strong></span> <span class='ocrx_word' id='word_1_417' title='bbox 356 3897 472 3954; x_wconf 87' lang='lat' dir='ltr'><strong>Curium</strong></span> <span class='ocrx_word' id='word_1_418' title='bbox 489 3900 565 3952; x_wconf 87' lang='lat' dir='ltr'><strong>inter</strong></span> <span class='ocrx_word' id='word_1_419' title='bbox 581 3899 746 3952; x_wconf 87' lang='lat' dir='ltr'><strong>coniuratos</strong></span> <span class='ocrx_word' id='word_1_420' title='bbox 766 3896 859 3952; x_wconf 88' lang='lat' dir='ltr'><strong>Catili·</strong></span> <span class='ocrx_word' id='word_1_421' title='bbox 885 3897 938 3951; x_wconf 88' lang='lat' dir='ltr'><strong>sed</strong></span> <span class='ocrx_word' id='word_1_422' title='bbox 954 3903 984 3951; x_wconf 91' lang='lat' dir='ltr'><strong>ut</strong></span> <span class='ocrx_word' id='word_1_423' title='bbox 1000 3913 1057 3951; x_wconf 92' lang='lat' dir='ltr'><strong>non</strong></span> <span class='ocrx_word' id='word_1_424' title='bbox 1074 3899 1145 3951; x_wconf 90' lang='lat' dir='ltr'><strong>satis</strong></span> <span class='ocrx_word' id='word_1_425' title='bbox 1162 3898 1274 3963; x_wconf 73' lang='lat' dir='ltr'><strong>counita</strong></span> <span class='ocrx_word' id='word_1_426' title='bbox 1291 3899 1442 3953; x_wconf 91' lang='lat' dir='ltr'><strong>memoriae</strong></span> 
     </span>
     <span class='ocr_line' id='line_1_44' title="bbox 304 3964 1442 4030; baseline -0.001 -10"><span class='ocrx_word' id='word_1_427' title='bbox 304 3981 359 4022; x_wconf 85' lang='lat' dir='ltr'><strong>nuo</strong></span> <span class='ocrx_word' id='word_1_428' title='bbox 376 3967 461 4022; x_wconf 90' lang='lat' dir='ltr'><strong>etiam</strong></span> <span class='ocrx_word' id='word_1_429' title='bbox 477 3964 632 4021; x_wconf 87' lang='lat' dir='ltr'><strong>Sallustius</strong></span> <span class='ocrx_word' id='word_1_430' title='bbox 650 3973 795 4030; x_wconf 70' lang='lat' dir='ltr'><strong>annuerat,</strong></span> <span class='ocrx_word' id='word_1_431' title='bbox 814 3981 859 4020; x_wconf 90' lang='lat' dir='ltr'><strong>ce·</strong></span> <span class='ocrx_word' id='word_1_432' title='bbox 886 3965 1008 4019; x_wconf 87' lang='lat' dir='ltr'><strong>mandet.</strong></span> <span class='ocrx_word' id='word_1_433' title='bbox 1049 3965 1097 4019; x_wconf 91' lang='lat' dir='ltr'><strong>ubi</strong></span> <span class='ocrx_word' id='word_1_434' title='bbox 1119 3971 1213 4020; x_wconf 86' lang='lat' dir='ltr'><strong>uatem</strong></span> <span class='ocrx_word' id='word_1_435' title='bbox 1233 3967 1346 4019; x_wconf 91' lang='lat' dir='ltr'><strong>testium</strong></span> <span class='ocrx_word' id='word_1_436' title='bbox 1366 3965 1442 4019; x_wconf 89' lang='lat' dir='ltr'><strong>dieta</strong></span> 
     </span>
     <span class='ocr_line' id='line_1_45' title="bbox 250 4031 1442 4106; baseline -0.002 -19"><span class='ocrx_word' id='word_1_437' title='bbox 250 4099 255 4106; x_wconf 26' lang='lat' dir='ltr'><em>A</em></span> <span class='ocrx_word' id='word_1_438' title='bbox 304 4035 361 4088; x_wconf 83' lang='lat' dir='ltr'><strong>teri</strong></span> <span class='ocrx_word' id='word_1_439' title='bbox 374 4033 460 4100; x_wconf 86' lang='lat' dir='ltr'><strong>plane</strong></span> <span class='ocrx_word' id='word_1_440' title='bbox 477 4035 565 4099; x_wconf 80' lang='lat' dir='ltr'><strong>ipnoti</strong></span> <span class='ocrx_word' id='word_1_441' title='bbox 582 4039 657 4088; x_wconf 88' lang='lat' dir='ltr'><strong>sunt.</strong></span> <span class='ocrx_word' id='word_1_442' title='bbox 684 4050 738 4099; x_wconf 90' lang='lat' dir='ltr'><strong>pro</strong></span> <span class='ocrx_word' id='word_1_443' title='bbox 755 4032 786 4087; x_wconf 88' lang='lat' dir='ltr'><strong>Sa</strong></span> <span class='ocrx_word' id='word_1_444' title='bbox 808 4032 858 4087; x_wconf 89' lang='lat' dir='ltr'><strong>alis</strong></span> <span class='ocrx_word' id='word_1_445' title='bbox 885 4032 979 4099; x_wconf 76' lang='lat' dir='ltr'><strong>tepere</strong></span> <span class='ocrx_word' id='word_1_446' title='bbox 994 4032 1120 4099; x_wconf 79' lang='lat' dir='ltr'><strong>fratrem</strong></span> <span class='ocrx_word' id='word_1_447' title='bbox 1137 4031 1260 4099; x_wconf 81' lang='lat' dir='ltr'><strong>Quintus</strong></span> <span class='ocrx_word' id='word_1_448' title='bbox 1282 4033 1389 4088; x_wconf 81' lang='lat' dir='ltr'><strong>uoluit?</strong></span> <span class='ocrx_word' id='word_1_449' title='bbox 1412 4034 1442 4085; x_wconf 88' lang='lat' dir='ltr'><strong>in</strong></span> 
     </span>
     <span class='ocr_line' id='line_1_46' title="bbox 303 4099 1444 4168; baseline 0 -14"><span class='ocrx_word' id='word_1_450' title='bbox 303 4101 452 4157; x_wconf 87' lang='lat' dir='ltr'><strong>Puteanus</strong></span> <span class='ocrx_word' id='word_1_451' title='bbox 465 4100 595 4168; x_wconf 88' lang='lat' dir='ltr'><strong>Scapulas</strong></span> <span class='ocrx_word' id='word_1_452' title='bbox 608 4101 765 4164; x_wconf 88' lang='lat' dir='ltr'><strong>substituit,</strong></span> <span class='ocrx_word' id='word_1_453' title='bbox 801 4099 860 4168; x_wconf 89' lang='lat' dir='ltr'><strong>opi·</strong></span> <span class='ocrx_word' id='word_1_454' title='bbox 886 4101 995 4155; x_wconf 89' lang='lat' dir='ltr'><strong>aetisne</strong></span> <span class='ocrx_word' id='word_1_455' title='bbox 1005 4103 1181 4166; x_wconf 84' lang='lat' dir='ltr'><strong>praetoriis?</strong></span> <span class='ocrx_word' id='word_1_456' title='bbox 1199 4116 1255 4155; x_wconf 93' lang='lat' dir='ltr'><strong>non</strong></span> <span class='ocrx_word' id='word_1_457' title='bbox 1273 4101 1367 4156; x_wconf 88' lang='lat' dir='ltr'><strong>creato.</strong></span> <span class='ocrx_word' id='word_1_458' title='bbox 1391 4100 1444 4155; x_wconf 83' lang='lat' dir='ltr'><strong>seat</strong></span> 
     </span>
     <span class='ocr_line' id='line_1_47' title="bbox 305 4166 1442 4237; baseline 0 -15"><span class='ocrx_word' id='word_1_459' title='bbox 305 4168 357 4224; x_wconf 90' lang='lat' dir='ltr'><strong>lios</strong></span> <span class='ocrx_word' id='word_1_460' title='bbox 368 4186 423 4235; x_wconf 86' lang='lat' dir='ltr'><strong>pro</strong></span> <span class='ocrx_word' id='word_1_461' title='bbox 435 4167 576 4237; x_wconf 88' lang='lat' dir='ltr'><strong>Pompiliis</strong></span> <span class='ocrx_word' id='word_1_462' title='bbox 591 4168 746 4224; x_wconf 83' lang='lat' dir='ltr'><strong>Corradus.</strong></span> <span class='ocrx_word' id='word_1_463' title='bbox 767 4167 859 4223; x_wconf 86' lang='lat' dir='ltr'><strong>Carui·</strong></span> <span class='ocrx_word' id='word_1_464' title='bbox 885 4184 1053 4234; x_wconf 80' lang='lat' dir='ltr'><strong>quamquam</strong></span> <span class='ocrx_word' id='word_1_465' title='bbox 1069 4168 1176 4223; x_wconf 80' lang='lat' dir='ltr'><strong>diarrnu</strong></span> <span class='ocrx_word' id='word_1_466' title='bbox 1199 4173 1264 4222; x_wconf 88' lang='lat' dir='ltr'><strong>acta</strong></span> <span class='ocrx_word' id='word_1_467' title='bbox 1281 4186 1299 4222; x_wconf 93' lang='lat' dir='ltr'><strong>a</strong></span> <span class='ocrx_word' id='word_1_468' title='bbox 1318 4166 1442 4223; x_wconf 86' lang='lat' dir='ltr'><strong>Caesare</strong></span> 
     </span>
     <span class='ocr_line' id='line_1_48' title="bbox 304 4235 1441 4303; baseline -0.002 -13"><span class='ocrx_word' id='word_1_469' title='bbox 304 4236 357 4291; x_wconf 87' lang='lat' dir='ltr'><strong>lios</strong></span> <span class='ocrx_word' id='word_1_470' title='bbox 373 4252 437 4292; x_wconf 89' lang='lat' dir='ltr'><strong>cum</strong></span> <span class='ocrx_word' id='word_1_471' title='bbox 449 4235 589 4291; x_wconf 87' lang='lat' dir='ltr'><strong>Italorum</strong></span> <span class='ocrx_word' id='word_1_472' title='bbox 605 4238 689 4303; x_wconf 88' lang='lat' dir='ltr'><strong>culpa</strong></span> <span class='ocrx_word' id='word_1_473' title='bbox 707 4238 814 4292; x_wconf 87' lang='lat' dir='ltr'><strong>abisset</strong></span> <span class='ocrx_word' id='word_1_474' title='bbox 830 4237 860 4289; x_wconf 90' lang='lat' dir='ltr'><strong>in</strong></span> <span class='ocrx_word' id='word_1_475' title='bbox 885 4236 996 4290; x_wconf 87' lang='lat' dir='ltr'><strong>demum</strong></span> <span class='ocrx_word' id='word_1_476' title='bbox 1008 4236 1125 4290; x_wconf 88' lang='lat' dir='ltr'><strong>consule</strong></span> <span class='ocrx_word' id='word_1_477' title='bbox 1137 4241 1237 4302; x_wconf 88' lang='lat' dir='ltr'><strong>coeptu</strong></span> <span class='ocrx_word' id='word_1_478' title='bbox 1253 4242 1321 4290; x_wconf 91' lang='lat' dir='ltr'><strong>sunt</strong></span> <span class='ocrx_word' id='word_1_479' title='bbox 1332 4237 1441 4303; x_wconf 76' lang='lat' dir='ltr'><strong>confici,</strong></span> 
     </span>
     <span class='ocr_line' id='line_1_49' title="bbox 306 4302 1442 4372; baseline 0 -16"><span class='ocrx_word' id='word_1_480' title='bbox 306 4302 456 4366; x_wconf 86' lang='lat' dir='ltr'><strong>Camiolos,</strong></span> <span class='ocrx_word' id='word_1_481' title='bbox 474 4303 652 4360; x_wconf 83' lang='lat' dir='ltr'><strong>inLeidensi</strong></span> <span class='ocrx_word' id='word_1_482' title='bbox 667 4304 860 4372; x_wconf 87' lang='lat' dir='ltr'><strong>librofaetum</strong></span> <span class='ocrx_word' id='word_1_483' title='bbox 885 4309 979 4358; x_wconf 89' lang='lat' dir='ltr'><strong>tamen</strong></span> <span class='ocrx_word' id='word_1_484' title='bbox 1002 4303 1130 4358; x_wconf 83' lang='lat' dir='ltr'><strong>domines</strong></span> <span class='ocrx_word' id='word_1_485' title='bbox 1153 4303 1252 4369; x_wconf 77' lang='lat' dir='ltr'><strong>quales</strong></span> <span class='ocrx_word' id='word_1_486' title='bbox 1276 4303 1326 4358; x_wconf 89' lang='lat' dir='ltr'><strong>illa</strong></span> <span class='ocrx_word' id='word_1_487' title='bbox 1350 4308 1442 4358; x_wconf 85' lang='lat' dir='ltr'><strong>aetate</strong></span> 
     </span>
     <span class='ocr_line' id='line_1_50' title="bbox 305 4370 1442 4439; baseline -0.001 -16"><span class='ocrx_word' id='word_1_488' title='bbox 305 4377 348 4425; x_wconf 89' lang='lat' dir='ltr'><strong>est</strong></span> <span class='ocrx_word' id='word_1_489' title='bbox 360 4371 498 4427; x_wconf 87' lang='lat' dir='ltr'><strong>cornelios</strong></span> <span class='ocrx_word' id='word_1_490' title='bbox 511 4372 586 4438; x_wconf 78' lang='lat' dir='ltr'><strong>quod</strong></span> <span class='ocrx_word' id='word_1_491' title='bbox 597 4388 697 4428; x_wconf 89' lang='lat' dir='ltr'><strong>nomen</strong></span> <span class='ocrx_word' id='word_1_492' title='bbox 710 4388 795 4439; x_wconf 79' lang='lat' dir='ltr'><strong>eques</strong></span> <span class='ocrx_word' id='word_1_493' title='bbox 806 4371 859 4426; x_wconf 83' lang='lat' dir='ltr'><strong>ba·</strong></span> <span class='ocrx_word' id='word_1_494' title='bbox 884 4371 997 4438; x_wconf 88' lang='lat' dir='ltr'><strong>fuerint</strong></span> <span class='ocrx_word' id='word_1_495' title='bbox 1009 4377 1036 4425; x_wconf 90' lang='lat' dir='ltr'><strong>et</strong></span> <span class='ocrx_word' id='word_1_496' title='bbox 1047 4377 1152 4437; x_wconf 80' lang='lat' dir='ltr'><strong>arcuato</strong></span> <span class='ocrx_word' id='word_1_497' title='bbox 1164 4372 1258 4426; x_wconf 88' lang='lat' dir='ltr'><strong>studio</strong></span> <span class='ocrx_word' id='word_1_498' title='bbox 1270 4373 1300 4425; x_wconf 91' lang='lat' dir='ltr'><strong>in</strong></span> <span class='ocrx_word' id='word_1_499' title='bbox 1310 4387 1342 4426; x_wconf 92' lang='lat' dir='ltr'><strong>re</strong></span> <span class='ocrx_word' id='word_1_500' title='bbox 1350 4370 1429 4437; x_wconf 85' lang='lat' dir='ltr'><strong>publi</strong></span> <span class='ocrx_word' id='word_1_501' title='bbox 1435 4403 1442 4411; x_wconf 89' lang='lat'><em>-</em></span> 
     </span>
     <span class='ocr_line' id='line_1_51' title="bbox 305 4438 1440 4506; baseline 0 -11"><span class='ocrx_word' id='word_1_502' title='bbox 305 4439 365 4497; x_wconf 88' lang='lat' dir='ltr'><strong>buit</strong></span> <span class='ocrx_word' id='word_1_503' title='bbox 391 4441 487 4499; x_wconf 84' lang='lat' dir='ltr'><strong>socius</strong></span> <span class='ocrx_word' id='word_1_504' title='bbox 515 4438 661 4497; x_wconf 88' lang='lat' dir='ltr'><strong>Catilinae.</strong></span> <span class='ocrx_word' id='word_1_505' title='bbox 701 4448 859 4496; x_wconf 80' lang='lat' dir='ltr'><strong>extremum</strong></span> <span class='ocrx_word' id='word_1_506' title='bbox 886 4455 920 4493; x_wconf 87' lang='lat' dir='ltr'><strong>cu</strong></span> <span class='ocrx_word' id='word_1_507' title='bbox 938 4445 1020 4506; x_wconf 76' lang='lat' dir='ltr'><strong>estante</strong></span> <span class='ocrx_word' id='word_1_508' title='bbox 1037 4441 1067 4492; x_wconf 92' lang='lat' dir='ltr'><strong>in</strong></span> <span class='ocrx_word' id='word_1_509' title='bbox 1085 4438 1188 4494; x_wconf 88' lang='lat' dir='ltr'><strong>titteris</strong></span> <span class='ocrx_word' id='word_1_510' title='bbox 1207 4442 1317 4496; x_wconf 87' lang='lat' dir='ltr'><strong>uersati</strong></span> <span class='ocrx_word' id='word_1_511' title='bbox 1332 4441 1360 4494; x_wconf 89' lang='lat' dir='ltr'><strong>si</strong></span> <span class='ocrx_word' id='word_1_512' title='bbox 1376 4454 1440 4495; x_wconf 91' lang='lat' dir='ltr'><strong>con·</strong></span> 
     </span>
    </p>
   </div>
   <div class='ocr_carea' id='block_1_8' title="bbox 0 0 1665 5206">
    <p class='ocr_par' dir='ltr' id='par_1_10' title="bbox 0 0 1665 5206">
     <span class='ocr_line' id='line_1_52' title="bbox 0 0 1665 5206; baseline 0 0"><span class='ocrx_word' id='word_1_513' title='bbox 0 0 1665 5206; x_wconf 95' lang='lat' dir='ltr'><strong> </strong></span> 
     </span>
    </p>
   </div>
  </div>
 </body>
</html>
