3304 5206
295 551 449 617 modandis
471 557 659 619 sermonibus
681 556 716 616 ad
741 575 790 618 eas
813 559 956 625 rationes,
987 562 1110 636 propter
1133 568 1206 634 quas
1229 558 1355 636 quisque
1378 566 1439 618 stu·

295 666 396 727 diosus
423 669 467 733 tui
495 686 560 728 essa
585 665 747 738 videbitur,
776 668 968 746 significanda
996 685 1065 745 erga
1094 666 1160 727 illos
1182 668 1253 745 *pari
1282 665 1439 737 voluntate,

294 776 468 838 adducenda
496 778 623 839 amicitia
652 779 682 837 in
705 797 793 858 spem.
811 776 1016 839 familiaritatis
1037 784 1067 837 et
1089 777 1313 839 consuetudinis
1334 779 1441 838 conlir·
1589 856 1593 867 Ι

296 889 370 949 mari
392 886 550 967 oportebit.
594 890 690 969 Atque
712 891 743 949 in
766 889 812 949 bis
835 887 974 949 omnibus
997 887 1156 967 generibus
1177 887 1304 949 iudicata
1327 897 1357 948 et
1371 906 1439 968 per·
1512 898 1519 907 ·
1548 873 1612 931 ‘'v'‘
1638 872 1639 885 ¹

255 1020 258 1027 ⁴
294 999 415 1078 pendito
438 983 730 1079 quantum'quisque
753 1001 854 1079 possit,
878 1006 911 1059 ut
933 1001 1009 1059 scias
1032 1018 1120 1079 quem
1136 998 1172 1059 ad
1190 998 1310 1059 modum
1333 1001 1465 1079 cuiquao
1637 1026 1639 1063 l

244 1120 276 1167 24
295 1110 437 1170 inservias
460 1110 580 1189 etquid
605 1129 620 1170 a
643 1110 761 1190 quoqne
784 1117 923 1189 expectes
946 1128 980 1171 aa
1002 1109 1141 1189 postules
1188 1118 1257 1171 sunt
1279 1110 1358 1170 enim
1376 1111 1440 1189 qui·

1638 288 1639 315 l

295 382 348 446 42.
631 414 636 429 x
699 399 820 458 nurum
842 394 1026 447 cronaoms
1637 360 1639 375 Ι

1637 960 1639 1023 l

296 1220 363 1281 dam
386 1220 523 1281 homines
545 1222 576 1281 in
599 1222 661 1283 suis
685 1220 889 1282 vicinitatibusv
903 1227 933 1279 et
948 1220 1116 1298 municipiis
1132 1221 1263 1297 gratiosi,
1289 1228 1358 1281 suut
1374 1220 1439 1280 dili·

295 1338 399 1410 gentes
422 1339 452 1392 et
473 1332 595 1411 copiosi,
620 1332 670 1410 qui
694 1332 828 1393 etiamsi
851 1338 937 1391 antea
960 1348 1019 1391 non
1042 1329 1221 1391 studuerunt
1235 1330 1303 1391 huic
1317 1333 1439 1411 gratiae,

285 1433 393 1503 'tamen
417 1459 452 1501 ex
476 1449 611 1522 tempore
641 1440 796 1503 elaborare
819 1442 881 1501 clus
903 1458 1006 1511 causa,
1035 1442 1083 1502 cui
1112 1440 1222 1502 debent
1251 1448 1300 1503 aut
1328 1441 1439 1508 volunt,

295 1551 381 1613 lacile
403 1560 536 1632 possunt.
581 1552 628 1613 his
650 1552 803 1614 bominum
827 1550 987 1629 generibus
1009 1552 1052 1611 sic
1073 1551 1295 1612 inserviendum
1319 1560 1377 1620 est,
1407 1561 1439 1613 ut
1453 1559 1479 1597 10

295 1664 350 1742 ipsi
379 1641 547 1742 intelligant*
572 1669 601 1723 te
629 1662 730 1723 videre
759 1661 828 1741 quid
857 1680 872 1722 a
901 1679 1018 1740 quoque
1046 1669 1199 1741 expectes,
1229 1663 1340 1721 sentire
1369 1661 1440 1741 quid

296 1775 432 1852 accipian
453 1775 624 1835 meminisse
647 1773 716 1851 quid
739 1774 901 1853 acceperis.
947 1778 1014 1833 sunt
1030 1780 1126 1833 autem
1149 1771 1207 1842 alii,
1231 1773 1282 1851 qui
1301 1779 1352 1831 ant
1368 1769 1440 1832 nibil

296 1891 421 1963 possunt
449 1890 499 1946 aut
529 1885 617 1945 etiam
646 1884 714 1944 odio
742 1894 811 1945 sunt
838 1882 999 1944 tribulibus
1026 1884 1088 1943 suis
1115 1902 1171 1946 neo
1194 1883 1304 1944 babent
1326 1890 1440 1944 lantum

296 1997 386 2056 animi
409 2012 443 2056 aa
466 1993 620 2065 facultatis,
645 2001 677 2055 ut
699 1997 850 2056 enitantur
873 2013 907 2054 ex
932 2001 1078 2073 tempore.
1124 1993 1178 2054 bos
1202 2001 1234 2055 ut
1256 1996 1439 2054 internoscas

253 2278 256 2281 ,
362 2236 378 2284 1
398 2200 581 2300 significando
601 2235 606 2297 1
626 2237 642 2285 3
660 2234 790 2284 amicicie
807 2231 810 2298 Ι
834 2237 849 2285 6
868 2233 884 2282 d
906 2229 909 2296 Ι
930 2239 961 2287 10
980 2236 1099 2286 omnium
1119 2235 1123 2299 Ι
1144 2239 1174 2286 11
1194 2231 1230 2300 dl
1250 2235 1282 2285 14
1300 2233 1373 2283 inter
1390 2248 1440 2284 nos

297 2303 510 2355 calumniatores
528 2318 594 2369 epa:
612 2303 786 2353 internosces
804 2308 882 2352 etue
900 2301 924 2351 L
943 2305 1084 2356 elaborato
1103 2321 1149 2370 epo

363 2530 379 2577 2
398 2522 459 2578 e's'sa
476 2526 519 2577 tui
536 2528 546 2575 l
563 2528 597 2577 40
615 2528 647 2575 40
665 2529 698 2575 50
716 2529 757 2577 1οἰ
774 2543 822 2580 arn.
840 2530 850 2577 l
866 2530 959 2592 reliqui
975 2533 1085 2591 excepto
1105 2529 1155 2576 124
1180 2523 1185 2589 Ι
1209 2530 1225 2578 3
1244 2525 1330 2593 spem]
1350 2530 1438 2592 spatie

295 2599 357 2646 130
382 2592 387 2657 Ι
412 2595 518 2645 5seins
536 2598 563 2643 et
582 2594 851 2659 quemadmodumL
878 2592 883 2661 Ι
906 2597 922 2644 6
945 2600 973 2645 et
992 2612 1043 2659 pro
1064 2611 1098 2644 aa
1117 2597 1140 2645 L
1157 2602 1265 2659 praeter
1284 2599 1318 2645 30
1337 2598 1372 2645 38
1390 2600 1440 2646 117

295 2669 378 2729 atque
401 2663 427 2712 V
442 2664 468 2712 in
486 2678 534 2726 quo
550 2664 674 2727 frequens
692 2671 733 2713 est
751 2667 778 2713 et
796 2664 922 2728 cietque
939 2665 1123 2731 particularum
1140 2666 1292 2727 permutatio
1308 2663 1312 2727 Ι
1328 2665 1439 2729 quidam

295 2748 341 2784 am.
359 2733 368 2780 l
388 2729 455 2791 317
474 2730 638 2780 ciuitatibus
655 2730 680 2778 L
697 2731 899 2794 praenimia
918 2733 997 2781 cuius
1016 2746 1101 2781 eausa
1119 2731 1221 2781 debent
1240 2734 1298 2781 150
1318 2731 1323 2791 Ι
1345 2737 1372 2782 at
1389 2726 1439 2797 pra

296 2801 709 2850 00113404912700138
735 2798 739 2863 Ι
766 2799 1250 2850 12010001384840117127
1272 2800 1276 2863 Ι
1304 2803 1335 2851 13
1355 2803 1438 2851 etiam

292 2876 354 2933 poet
371 2872 435 2916 sunt
452 2869 599 2917 collocatum
617 2873 655 2917 eat
672 2869 698 2917 in
716 2871 725 2918 l
743 2871 760 2918 3
778 2870 811 2919 48
830 2871 862 2917 40
880 2871 931 2917 127.
945 2865 950 2932 Ι
966 2870 998 2917 14
1017 2873 1065 2917 aut
1079 2883 1130 2931 pro
1150 2883 1183 2917 ac
1200 2869 1224 2918 L
1240 2864 1245 2930 1
1264 2873 1295 2919 ut
1310 2872 1439 2934 posterius

295 2953 341 2990 am.
359 2936 384 2985 L
399 2944 507 2999 praeter
524 2936 558 2985 48
576 2936 609 2983 49

294 3075 457 3082 ------—-—--

192 3216 195 3222 ,
295 3159 440 3216 admodum
462 3159 563 3228 cuique
580 3161 679 3215 borum
701 3159 795 3227 generi
817 3159 853 3213 sit
875 3164 942 3224 pter
959 3156 1134 3224 dilipentiarn
1157 3163 1184 3212 et
1207 3159 1305 3224 copias
1326 3158 1438 3213 studere

296 3227 501 3283 inseruiendum
514 3227 534 3297 ἕ
546 3234 580 3279 21
592 3235 621 3287 et
635 3230 745 3296 quispe
759 3235 853 3282 tenen·
877 3231 1000 3293 0000001
1016 3226 1080 3280 huic
1097 3225 1201 3292 gratiae
1218 3228 1301 3281 cuius
1318 3227 1357 3280 ad
1366 3229 1438 3292 peti·

297 3304 342 3350 tur
353 3295 429 3365 quod
442 3310 529 3361 genus
548 3296 688 3351 bominum
705 3295 793 3350 multo
811 3302 854 3348 est
880 3301 969 3349 torem
977 3293 1253 3362 fructusredundet.
1277 3294 1318 3348 bis
1328 3294 1438 3349 duabus

297 3362 455 3430 diligentius
472 3360 493 3431 §
510 3368 544 3415 22
568 3372 595 3419 et
617 3365 645 3418 in
665 3363 707 3418 liis
726 3360 866 3432 omnibus¹
880 3361 1022 3418 hominum
1063 3359 1210 3427 generibus
1255 3368 1438 3427 00000001ον

296 3429 853 3501 generibusiudicatoquantumqulsqne
880 3431 1016 3496 pretiosis
1040 3430 1132 3483 odiosi
1154 3433 1204 3483 aut
1231 3428 1437 3485 nihilomnino

316 3499 385 3554 assit
402 3496 470 3567 §23
488 3504 516 3554 et
531 3499 574 3555 his
587 3499 728 3555 hominnm
746 3498 854 3564 generi·
881 3498 1023 3559 atalanten,
1042 3496 1142 3551 altaris
1159 3498 1187 3550 ei
1200 3499 1317 3563 quinon
1330 3503 1438 3555 tantum

296 3516 347 3621 bus
371 3565 392 3635 5
415 3572 464 3632 24,
489 3570 516 3622 si
538 3569 658 3634 denique
680 3581 855 3633 proxumam
880 3564 1436 3633 00000100101000000110100110000-

295 3635 371 3689 leanc
383 3638 575 3691 accessionem
583 3634 661 3705 quod
670 3633 782 3701 agendis
793 3648 854 3699 gra·
881 3649 944 3688 nem
957 3633 1133 3687 ambitiosum
1145 3633 1290 3687 adiuuent.

297 3702 341 3758 liis
354 3700 509 3757 confirmari
523 3701 670 3771 oportebit,
684 3701 856 3756 adducimur
924 3705 957 3752 14
981 3702 1033 3755 bos
1056 3700 1226 3755 internoscas
1247 3709 1274 3754 et
1292 3700 1386 3755 uidete
1403 3717 1438 3755 ne

297 3776 328 3825 01
344 3785 432 3837 genus
450 3787 506 3825 000
524 3772 684 3827 studiorum
701 3768 852 3824 aeditumi·
880 3766 930 3835 spe
948 3769 1015 3823 libri
1031 3766 1283 3833 Lapomarsiniani
1301 3768 1437 3834 plurumi.

296 3855 364 3892 num
387 3839 543 3893 amicorum
566 3837 771 3902 intellepamuu
806 3838 854 3892 eui
879 3845 911 3891 ut
938 3843 1096 3891 seruarunt
1122 3837 1190 3899 duo,
1220 3836 1293 3889 idem
1316 3838 1438 3892 omisere

294 3905 496 3973 intellinentiac
509 3908 584 3973 qnod
595 3906 673 3961 obest
685 3904 853 3960 uocabulum
881 3911 921 3967 et,
940 3920 1009 3970 quos
1027 3903 1108 3970 00100
1129 3905 1221 3958 secuti
1237 3909 1312 3958 sunt.
1343 3903 1451 3973 uidete¹

295 3976 511 4041 suppositurum
542 3975 679 4030 indicaui.
726 3972 853 4039 inferius
880 3978 973 4026 autem
990 3972 1109 4026 arbitrio
1130 3971 1316 4026 librariorum
1340 3977 1439 4026 00100

295 4042 371 4108 quod
386 4041 490 4109 lenitur
510 4041 662 4098 adducendi
685 4041 803 4095 uerbum
823 4042 853 4094 in
880 4056 937 4094 000
959 4040 1159 4106 comprabatur
1177 4038 1276 4104 Quinti
1295 4055 1373 4095 mare
1397 4039 1437 4094 la-

296 4110 382 4164 simili
398 4111 592 4166 enuntiatione
606 4109 708 4165 Liuius
726 4106 854 4162 0001000
880 4108 992 4173 quendi.
1019 4109 1131 4173 primae
1148 4109 1357 4173 coniunctionis
1370 4123 1436 4162 uer-

296 4177 313 4230 ]
330 4182 375 4241 34,
393 4183 426 4229 12
445 4193 503 4232 eam
520 4178 645 4233 notitiam
662 4176 690 4230 in
712 4173 852 4230 familiaris
880 4176 944 4230 bum
960 4191 1024 4228 aum
1041 4177 1070 4229 in
1090 4181 1250 4230 monstrosa
1267 4175 1438 4230 Berolinen·

296 4245 429 4300 amicitiae
441 4246 501 4300 iura
514 4245 669 4300 adduxerat.
880 4245 921 4298 sis
934 4242 1001 4297 libri
1017 4243 1153 4297 uocabula
1189 4243 1324 4307 alluceat,
1343 4243 1438 4298 clauo-

247 4354 249 4358 .
275 4304 288 4343 ¹
337 4312 437 4368 abuio
448 4313 562 4380 gratiae]
580 4314 787 4367 discernuntur
799 4313 854 4365 uti-
880 4319 940 4367 rato
959 4312 1100 4376 quandam
1111 4313 1142 4366 id
1169 4313 1247 4366 uisse
1259 4313 1370 4378 sumpsi
1380 4327 1439 4366 non

296 4382 337 4435 leo
361 4376 462 4435 Marco
485 4381 611 4436 homines
636 4381 670 4434 ab
696 4379 854 4435 inutilibus.
879 4384 1116 4445 proponunturus
1136 4381 1322 4445 peruicaciae
1339 4381 1367 4434 ri
1387 4380 1439 4434 alii

298 4450 381 4508 utiles
393 4455 460 4507 sunt
472 4455 523 4506 001
533 4450 648 4519 gratiosi
666 4451 853 4518 001001ον0-
881 4456 977 4504 curato
988 4449 1234 4515 praeaptauerint.
