3304 5206
1347 379 1368 443 9

220 558 350 633 propria
372 556 410 630 qb
432 557 528 614 altero
555 558 622 614 utro
644 555 784 615 Cicerone
805 549 917 623 editus,
940 572 999 615 non
1018 557 1240 631 pertractatum
1262 571 1325 617 esse
1347 570 1367 613 o

224 660 332 719 Marco
346 658 459 733 liquido
480 656 727 726 confirmabimus,
750 656 886 731 idemque
906 660 987 732 quod
1000 660 1031 716 in
1046 659 1215 717 uniuersum
1237 657 1368 716 libellum

221 764 309 823 etium
331 764 364 820 in
383 765 488 835 portes
514 761 578 819 eius
604 760 738 832 sinqulas
759 748 869 818 cadere
891 761 1139 820 ratiocinabimur
1160 760 1366 834 probabiliter.

221 869 309 923 crant
327 861 460 935 sortasse
482 864 534 935 qai
555 861 674 920 addant
691 860 828 931 Ouinium
850 877 909 919 non
930 878 995 920 eam
1014 861 1115 934 fratri
1134 861 1251 921 dedisse
1270 867 1367 935 potes-

222 973 310 1024 tatem
333 972 364 1023 ut
390 964 434 1024 ad
459 978 546 1025 suum
573 964 624 1021 ille
651 962 807 1021 arbitrium
829 962 1008 1036 corripendo
1031 970 1162 1028 novaret,
1192 964 1247 1022 scd
1273 969 1306 1020 ut
1327 964 1371 1020 ad

224 1054 320 1144 ipsum
344 1071 497 1127 auctorem
511 1064 626 1139 siquid
643 1064 795 1124 rideretur
816 1064 991 1123 mutandum
1013 1066 1174 1124 tollendum
1196 1065 1369 1124 addendum

223 1168 358 1240 deferret
377 1184 415 1226 ac
431 1154 706 1242 praemonstraret,
735 1165 845 1225 deinde
865 1169 989 1241 repotiis
1011 1168 1151 1226 Marcum
1178 1169 1210 1226 in
1230 1168 1370 1241 petitione

135 1279 140 1292 '
223 1272 398 1330 distractum
414 1269 556 1343 pluribus
577 1275 606 1326 ct
625 1268 815 1341 pravioribus
839 1266 937 1341 fuisse
964 1284 1053 1343 quum
1072 1285 1130 1343 per
1158 1284 1236 1343 quae
1257 1285 1369 1329 uacare

166 1353 170 1359 ’
222 1372 340 1432 licuerit
360 1373 480 1445 scriptis
501 1369 700 1429 emendandis
722 1371 836 1428 alienis.
872 1386 967 1444 neque
988 1372 1082 1444 iqitur
1103 1373 1210 1430 iustam
1233 1370 1369 1444 equidem

223 1488 362 1535 caussam
384 1471 482 1533 aideo'
496 1488 592 1546 quare
619 1473 650 1531 in
683 1474 922 1532 commentariolo
949 1475 1132 1548 explicatum
1159 1474 1254 1531 locum
1276 1473 1369 1532 ullum

224 1583 278 1635 aut
298 1575 426 1634 breuiter
453 1575 565 1634 dictum
593 1573 737 1632 oMarci
763 1576 881 1647 inpenio
909 1575 1059 1648 occepisse
1082 1575 1231 1647 oriqinem
1252 1577 1370 1634 existu-

225 1692 337 1736 memus
358 1692 396 1736 ac
418 1692 475 1735 non
499 1676 537 1734 ob
559 1680 624 1751 ipso
640 1679 742 1751 potius
765 1676 880 1747 Quinto.
925 1676 1092 1750 quodcum
1114 1677 1157 1734 ita
1179 1678 1226 1753 sit,
1250 1678 1282 1735 in
1296 1692 1372 1735 oro-

224 1781 300 1839 tione
328 1777 467 1838 Marcum
494 1779 616 1852 aliquid
637 1795 798 1852 ctutrpasse
824 1780 992 1851 coliiqimus
1019 1795 1059 1837 en
1091 1780 1134 1838 eis
1166 1794 1243 1851 quae
1273 1778 1373 1849 Quinti

223 1882 452 1942 comanntarius
473 1864 761 1940 subministraverat.
784 1880 943 1954 'adponam
959 1887 1057 1940 autem
1080 1881 1110 1939 in
1133 1883 1372 1940 commentariolo

224 1993 253 2044 et
273 1985 406 2043 oratione
435 1998 512 2055 quae
539 1998 680 2041 maxume
708 1988 885 2055 cortqruunt.
930 1982 968 2041 de
996 1982 1122 2041 Antonio
1154 1982 1278 2052 (luintus
1305 1979 1370 2063 §8

227 2103 330 2145 vocem
352 2084 449 2158 inquit
472 2083 636 2143 audivimus
659 2083 784 2143 iurantis
807 2102 839 2143 se
855 2081 966 2143 Romae
989 2081 1099 2142 iudicio
1123 2099 1217 2159 aequo
1234 2100 1300 2143 suut
1317 2081 1370 2141 ho·
1407 2067 1410 2075 ¹

225 2188 305 2248 mine
327 2202 434 2265 graeco
457 2193 573 2245 certare
596 2202 656 2245 uon
678 2202 775 2262 posse.
800 2184 925 2245 Morcus
935 2200 968 2259 p.
987 2192 1054 2253 tto,
1073 2191 1108 2242 29
1121 2184 1260 2244 editionis
1277 2184 1381 2248 Turi.

224 2291 320 2350 censis
341 2286 489 2348 secundae
510 2287 541 2345 iu
565 2304 615 2346 suu
640 2287 756 2352 civitate
778 2304 846 2346 cusu
875 2287 1034 2365 peregrino
1063 2286 1179 2363 negavit
1207 2303 1240 2345 se
1263 2285 1371 2346 iudicio

226 2409 321 2471 aequo
344 2397 460 2448 ees-tore
484 2405 580 2464 posse.
625 2391 656 2448 in
680 2389 826 2448 Catilinae
854 2389 1052 2463 descriptione
1082 2388 1206 2458 Quintus
1232 2386 1371 2467 §boc-

224 2497 300 2554 cisos
321 2478 432 2569 equites
453 2504 592 2549 ronmnos
618 2499 825 2551 commemorat
857 2487 979 2550 Titinius
1007 2489 1139 2550 Manlios
1170 2489 1312 2549 Tanusius
1334 2506 1372 2549 oc

222 2595 389 2674 praecipue
417 2592 448 2664 C.
478 2591 654 2666 Caecilium,
686 2593 812 2653 Marcus
838 2598 908 2652 teste
935 2592 1061 2652 Asconio
1094 2594 1265 2652 nominatim
1294 2592 1373 2653 discit

225 2715 297 2774 quos
319 2697 473 2758 occidisset
495 2695 528 2766 Q.
553 2695 714 2754 Caecilium
743 2694 787 2755 M.
819 2695 1004 2754 Volumnium
1032 2694 1064 2753 t.
1091 2693 1264 2753 Canusium.
1308 2698 1370 2755 im-

225 2805 360 2860 moratur
384 2797 507 2869 Quintus
527 2798 558 2855 in
580 2796 700 2856 crudeli
719 2798 804 2857 Mari
826 2796 1001 2856 Gratidiani
1021 2797 1115 2856 coede
1135 2793 1159 2877 ἕ
1183 2803 1219 2854 to
1241 2795 1292 2874 qui
1315 2794 1368 2853 ho·

154 2925 161 2943 ·
227 2902 337 2961 niinem
366 2899 561 2959 carissumum
589 2896 701 2977 populo
730 2914 858 2958 romano
883 2896 1037 2965 ceciderit,
1068 2898 1157 2956 stanti
1186 2895 1294 2956 collum
1324 2914 1371 2956 se·

227 3003 338 3068 cuerit.
369 3007 457 3078 caput
484 3002 539 3058 suu
565 3017 654 3060 manu
681 2997 796 3065 tulerit,
825 2998 903 3057 idem
933 2999 1080 3058 Catilinae
1106 3001 1219 3058 crimen
1247 2998 1399 3058 Morcus

226 3107 348 3179 saepius
369 3108 430 3162 tota
452 3103 586 3161 oratione
607 3102 712 3161 obiecit
729 3105 853 3176 practer
876 3101 939 3160 alia
962 3099 1008 3158 bis
1022 3116 1093 3158 usus
1107 3100 1204 3160 uerbis
1214 3117 1249 3175 p.
1265 3106 1371 3175 itm-8

227 3203 337 3266 collum
359 3203 455 3263 secuit
477 3201 608 3263 hominis
636 3220 773 3262 maxume
796 3200 946 3280 populeris
968 3208 1046 3276 etp.
1070 3206 1138 3279 943,
1163 3209 1200 3262 to
1223 3209 1313 3279 capul
1334 3200 1371 3260 ad

227 3304 338 3367 Sullam
366 3302 505 3364 menibus
531 3304 596 3382 ipse
622 3307 684 3365 suis
711 3302 827 3364 detulit.
870 3309 900 3362 et
925 3303 1001 3362 baec
1032 3303 1150 3377 quidem
1183 3305 1304 3378 aliaque
1334 3304 1372 3363 de

226 3411 335 3468 Antoni
354 3408 490 3482 praediis
507 3409 699 3482 proscriptis,
726 3407 763 3464 de
787 3404 934 3465 Catilinae
954 3406 1081 3480 stupris,
1105 3405 1143 3463 de
1165 3405 1275 3477 Africa
1293 3420 1372 3480 pro-

227 3512 341 3583 uincia,
377 3509 415 3568 de
437 3511 551 3569 testium
573 3509 660 3568 dictis
688 3524 726 3568 ac
747 3508 859 3569 iudicio
880 3511 970 3568 etiam
991 3509 1019 3566 si
1034 3509 1155 3581 pariter
1182 3513 1305 3582 uimque
1326 3509 1374 3568 uei
1403 3530 1406 3533 ·

226 3611 368 3671 tractauit
392 3611 440 3670 acl
466 3612 597 3670 elocutus
624 3615 682 3686 cst,
711 3616 808 3668 tomen
836 3609 916 3683 quod
941 3617 1104 3687 temporum
1132 3624 1293 3683 rerumque
1320 3614 1373 3667 aut

226 3715 399 3775 necessitate
421 3711 454 3770 id
471 3710 589 3783 factum
605 3718 649 3771 est
662 3720 716 3771 aut
728 3714 968 3786 opportunitate,¹
980 3717 1144 3770 mutuatum
1159 3727 1221 3770 esse
1243 3713 1372 3770 alterum

226 3833 285 3875 non
306 3806 412 3888 liquet.¹
445 3818 478 3871 at
497 3829 565 3872 eum
587 3815 727 3873 incestum
751 3813 897 3873 Catilinae
918 3819 947 3872 et
967 3813 1082 3872 Fabiae
1109 3813 1235 3885 oirqinis
1264 3813 1371 3871 Vesto-

226 3920 264 3984 ιιι
280 3918 454 3978 Ciceronum
471 3917 666 3990 propinquae
683 3898 737 3973 'itte
758 3917 802 3973 sic
824 3914 1027 3975 obscuraverit
1046 3911 1070 3995 ἕ
1086 3921 1122 3973 ιιι
1144 3914 1195 3990 qui
1211 3912 1325 3974 nullum
1341 3914 1370 3972 in

227 4020 325 4080 iocum
357 4022 420 4076 tam
453 4023 587 4075 sunctum
620 4033 655 4075 ee
682 4022 742 4074 taut
772 4013 944 4094 religiosum
974 4016 1135 4075 accessesit
1162 4015 1192 4074 in
1222 4032 1281 4093 quo
1311 4033 1370 4074 nou

227 4119 363 4180 etiamsi
392 4116 455 4178 aliis
482 4115 566 4195 culpa
590 4133 650 4177 nou
673 4122 762 4186 esset,
792 4125 890 4177 tumen
923 4134 958 4176 ex
986 4134 1038 4176 suu
1061 4116 1193 4192 nequitis
1216 4114 1371 4176 dedecoris

227 4221 428 4299 suspicionem
450 4217 643 4297 relinqueret,
667 4218 716 4278 bie
734 4235 768 4293 p.
793 4225 861 4290 ιιι,
888 4225 905 4276 2
925 4218 1027 4277 eodem
1050 4218 1136 4276 modo
1157 4218 1196 4277 ita
1220 4217 1315 4276 vixisti
1339 4222 1372 4275 ιιι

227 4338 286 4380 uon
310 4326 388 4379 esset
409 4318 492 4380 loeus
519 4327 580 4379 tam
606 4327 726 4381 sanctus
754 4337 813 4398 quo
841 4337 900 4379 non
930 4319 1073 4380 adventus
1097 4326 1162 4377 tuus
1190 4318 1370 4378 etiamnum

227 4423 335 4499 (paruo
351 4428 420 4495 post
436 4423 579 4483 Asconius
598 4422 685 4481 etiam
701 4422 726 4482 si
738 4423 854 4498 posuit)
877 4419 962 4501 culpa
985 4418 1066 4481 nullu
1089 4417 1233 4492 subesset,
1255 4420 1369 4482 crimen
