3304 5206
228 588 298 646 dean
325 588 450 647 militiae
477 601 569 644 onera
598 587 734 645 sustinet:
764 586 801 644 ab
828 587 995 659 eloquentia
1027 586 1155 660 refuplt,
1190 594 1222 646 ut
1249 588 1375 650 Marcus

228 699 337 748 narrat
358 691 395 748 de
415 694 537 754 oratore
558 687 597 745 II
615 684 639 765 ὅ
658 694 700 756 12,
723 702 814 746 unum
836 688 911 746 satis
932 703 995 746 esse
1016 688 1047 746 in
1069 704 1132 747 una
1151 687 1275 759 familia
1296 690 1372 749 rhe-

227 798 318 850 torem
340 793 462 857 iocatus,
485 806 579 864 neque
601 791 631 847 in
651 788 841 863 philosophia
862 789 1018 849 habitabat
1036 792 1134 864 mapis
1155 806 1245 865 quam
1267 791 1374 867 hospi-

163 967 166 972 ·
227 893 347 952 athalar
376 908 396 950 a
418 891 523 965 fratre
550 892 581 949 in
608 890 809 966 compluribus
836 890 921 949 libris
943 891 981 949 de
1002 892 1086 951 istius
1107 891 1189 951 modi
1208 893 1297 952 rebus
1319 908 1373 951 oo-

226 1001 311 1054 eatus
333 996 364 1052 in
384 999 488 1069 partes
509 993 719 1053 collocutionis.
763 998 792 1051 et
812 992 850 1050 de
868 992 978 1063 pinibus
1007 989 1076 1070 115
1099 998 1136 1051 96
1158 1009 1225 1054 eum
1248 993 1373 1056 Marcus

226 1096 270 1154 ad
295 1096 563 1170 Peripateticorum
595 1094 736 1154 bonorem
763 1095 853 1167 finpit
875 1096 1017 1168 profiteri
1047 1094 1135 1153 huius
1162 1095 1372 1173 philosophiae

225 1199 435 1272 supellectilem
460 1198 559 1272 pluris
585 1202 755 1256 aestumare
782 1213 813 1256 se
839 1211 930 1271 quam
954 1198 1154 1271 possessiones
1175 1198 1370 1272 reliquarum,

226 1301 268 1363 ita
295 1298 353 1358 sibi
377 1299 495 1359 divitem
524 1298 621 1358 oldai
641 1307 674 1358 ut
700 1298 738 1357 ab
759 1315 796 1358 ea
814 1302 918 1373 petere
935 1300 1031 1374 possit
1051 1299 1194 1372 quicquid
1214 1300 1245 1357 iu
1266 1300 1372 1364 studiis

224 1402 286 1460 sais
307 1402 501 1476 concupierit.
545 1408 578 1458 at
598 1406 698 1459 lamen
720 1402 751 1458 in
763 1399 954 1476 philosophia
975 1415 1091 1475 quoque
1112 1401 1214 1474 aliquo
1231 1399 1370 1471 Quintum

183 1535 189 1549 ·
224 1505 288 1561 loeo
309 1503 466 1562 numerari
485 1507 641 1578 oporteret,
671 1503 699 1561 si
718 1508 798 1561 reete
825 1501 905 1562 hunc
925 1518 964 1561 ac
990 1517 1048 1561 non
1068 1500 1201 1573 fratrem
1222 1509 1370 1563 oratorem

224 1604 346 1664 Lucreti
370 1606 508 1664 carmina
535 1604 706 1663 emendasse
733 1603 924 1663 crederemus
958 1603 1034 1662 duce
1061 1603 1256 1664 Lachmanno
1283 1620 1369 1664 com-

223 1707 353 1764 mentari
371 1706 546 1767 lucretiani
566 1723 602 1782 p.
633 1712 679 1765 63.
724 1720 814 1779 auam
841 1706 1071 1765 controuersiam
1099 1721 1119 1763 a
1146 1706 1245 1765 multis
1272 1722 1371 1781 reaper

223 1803 370 1882 epitolam
403 1807 622 1882 dilipenterque
656 1824 676 1866 a
704 1808 797 1868 Pdlio
829 1807 1002 1867 edissertam
1035 1808 1066 1865 in
1097 1807 1246 1881 Philolopo
1277 1807 1371 1868 XXV

220 1927 252 1984 p.
278 1915 333 1968 499
359 1926 398 1970 ss.
426 1916 456 1969 et
481 1909 597 1968 XXVI
618 1925 650 1984 p.
675 1915 734 1967 56!
760 1926 799 1967 ss.
826 1911 968 1982 quoniam
989 1924 1119 1986 prorsus
1143 1911 1370 1985 praetervolare
1447 1962 1450 1973 ,

223 2028 281 2072 non
302 2013 385 2080 licet,
406 2012 514 2086 paucis
535 2010 584 2070 hic
605 2011 796 2086 complectar.
840 2017 976 2069 neutram
998 2011 1029 2069 in
1049 2014 1167 2086 partem
1188 2011 1262 2070 mihi
1281 2011 1368 2071 oide-

222 2120 273 2173 tur
294 2115 398 2187 aptari
413 2129 501 2190 posse
522 2112 602 2186 quod
625 2113 750 2171 Marcus
770 2113 861 2186 paulo
883 2117 953 2188 post
978 2127 1074 2171 nonas
1096 2110 1274 2183 februarias
1295 2114 1370 2172 anni

222 2215 300 2274 DCC
319 2217 465 2275 codicillis
483 2213 596 2286 fratris
623 2217 676 2289 qui
700 2231 740 2273 en
767 2214 839 2273 urbe
865 2215 952 2273 modo
974 2231 1027 2273 rus
1049 2215 1126 2274 ierat
1146 2217 1190 2274 sic
1211 2217 1370 2289 respondet

221 2317 262 2376 II
284 2326 314 2385 b,
339 2325 358 2376 3
385 2316 504 2377 Lucreti
531 2323 668 2394 poemata
697 2323 730 2376 ut
757 2314 878 2385 soeibiS,
906 2318 947 2377 ita
975 2323 1045 2376 sunt
1076 2312 1177 2377 multis
1204 2315 1368 2377 luminibus
1418 2304 1422 2309 ⁴

222 2421 339 2497 ingeni,
368 2417 478 2479 tuultae
502 2419 590 2478 otiam
618 2419 701 2478 artie.
747 2416 797 2478 sed
822 2435 888 2477 oum
912 2420 1044 2488 veneris,
1073 2419 1170 2479 virum
1199 2414 1228 2479 t'e
1256 2418 1367 2506 putabo

222 2523 248 2580 st
271 2518 391 2580 Sallusti
415 2519 611 2597 Empedoclea
633 2517 757 2596 legesis,
788 2518 938 2580 hominem
963 2538 1022 2580 non
1045 2520 1163 2600 putabo.
1208 2521 1367 2593 manifesto

221 2622 338 2696 putten
366 2630 425 2682 tum
452 2624 570 2697 utrique
599 2623 735 2682 Ciceroni
761 2623 961 2683 versabantur
992 2624 1070 2683 inter
1096 2640 1204 2683 manus
1224 2631 1367 2700 poemata

221 2726 275 2782 itta
307 2727 361 2783 sed
393 2731 491 2784 utrum
519 2724 628 2785 Marco
654 2726 715 2783 iarn
744 2723 857 2782 dudum
889 2728 1008 2798 counita
1039 2732 1069 2785 et
1099 2728 1138 2786 ab
1170 2726 1226 2786 hoo
1252 2726 1366 2785 tradita

224 2828 328 2896 (hairda
350 2843 390 2884 an
413 2843 432 2884 a
455 2826 562 2896 Quinto
590 2826 733 2885 iudicium
761 2833 926 2900 promunle
954 2828 1055 2885 delata
1083 2827 1126 2886 ad
1148 2826 1287 2886 Marcam
1314 2831 1390 2911 qui¹

220 2924 309 2988 lintea
325 2929 517 3001 lpnororerlr,
542 2942 583 2985 an
606 2927 730 2986 aliunde
745 2926 872 3001 denique
884 2927 984 2999 fratri
998 2930 1120 3002 pariter
1134 2931 1251 3004 utrique
1265 2929 1364 2994 missa,

219 3048 259 3091 ea
280 3031 353 3106 ipsis
374 3028 470 3090 uerbis
492 3030 573 3087 nullo
595 3028 681 3086 modo
702 3028 935 3101 extorquebitur.
959 3035 1001 3087 *et
1021 3035 1054 3088 ut
1073 3032 1231 3090 emendata
1246 3029 1368 3089 Lucreti

219 3133 357 3191 earmina
386 3139 455 3189 tunc
482 3132 578 3204 ipsum
600 3145 662 3189 esse
686 3130 899 3199 concedamus,
927 3138 1110 3206 utacunque
1133 3132 1235 3191 Cicero
1262 3148 1365 3190 emen-

220 3234 311 3300 davit,
335 3240 415 3291 certe
436 3220 512 3290 nihil
533 3231 662 3305 amplius
689 3248 778 3306 quam
805 3235 1004 3292 extremisco
1026 3232 1126 3307 alpais
1147 3234 1247 3306 attipit
1267 3232 1365 3293 subsi-

218 3335 333 3407 etuique
347 3334 464 3407 aliquid
477 3334 616 3407 temporis
630 3335 693 3408 ipse
707 3334 777 3393 huic
792 3351 903 3409 operae
922 3336 1087 3410 impertitus
1103 3338 1220 3410 reliqua
1234 3335 1365 3394 deman-

219 3436 302 3495 dauit
328 3437 506 3508 librariolis,
541 3443 573 3493 ut
599 3450 657 3493 non
686 3434 843 3507 difficilius
869 3438 907 3495 sit
937 3439 1063 3496 eredere
1089 3437 1260 3497 haerentem
1281 3439 1364 3496 inter

219 3539 357 3597 uillarum
390 3539 592 3598 lustrationem
628 3544 657 3595 et
689 3538 838 3595 urbanam
870 3524 1127 3599 commorationem
1160 3547 1189 3597 et
1216 3540 1363 3601 Gallicam

218 3641 394 3713 lepationem
424 3637 560 3708 Quintum
588 3653 622 3698 eo
647 3655 770 3699 munem
791 3637 988 3713 perfunctum
1015 3658 1077 3700 esse
1104 3656 1192 3714 quam
1220 3641 1363 3700 Marcum
1468 3654 1470 3669 ·

133 3743 136 3749 ’
218 3741 374 3799 senatoriis
408 3755 446 3798 ac
474 3741 603 3816 publicis
629 3743 754 3814 nepotiis
787 3726 938 3815 uariisque
966 3760 1044 3816 quae
1071 3743 1281 3816 impendebant
1306 3761 1363 3802 ac-

217 3841 417 3904 cusationibus
452 3840 730 3915 defensionibusque
763 3843 942 3912 districtum,
971 3860 1031 3919 per
1065 3860 1173 3903 uacuos
1207 3844 1270 3903 dies
1301 3846 1363 3902 sais

217 3945 301 4003 libris
322 3945 465 4003 intentum
488 3942 525 4001 de
547 3944 725 4017 temporibus
750 3947 812 4003 suis
837 3947 1026 4020 expoliendis
1053 3956 1107 4007 aut
1127 3947 1165 4004 de
1186 3946 1361 4020 republica

217 4044 434 4117 informandis,
462 4050 623 4119 praeterea
645 4046 792 4104 uoluntate
814 4049 930 4122 uitaque
958 4048 995 4105 ab
1018 4047 1145 4122 Epicuri
1164 4054 1245 4107 secta
1273 4048 1362 4107 ualde

218 4150 388 4206 alienatum.
439 4163 540 4206 uerum
569 4148 658 4204 nimio
691 4148 760 4221 plus
786 4165 891 4208 uereor
917 4166 954 4208 ne
982 4150 1152 4208 dederimus
1177 4151 1220 4208 eis
1245 4151 1298 4223 qui
1324 4150 1361 4207 de

218 4247 421 4307 emendatione
449 4248 566 4322 aliquid
592 4250 743 4308 eutrieari
773 4267 813 4309 en
845 4252 900 4309 illa
926 4253 1053 4326 epistula
1081 4253 1194 4311 uolunt:
1224 4259 1358 4327 poemata

218 4350 295 4406 enim
317 4352 364 4408 uel
383 4366 403 4407 a
426 4350 566 4410 Cicerone
588 4352 634 4409 uel
655 4366 674 4408 a
704 4351 840 4411 Varrone
863 4350 979 4412 Catullo
999 4355 1068 4412 aliis
1090 4354 1227 4412 earmina
1250 4355 1377 4419 dicun,

217 4457 267 4509 tur
293 4451 411 4509 minora
440 4449 554 4522 drtfusa
580 4454 752 4525 simpillatim
785 4458 940 4522 contenta,
974 4470 1032 4513 non
1064 4471 1125 4514 una
1153 4461 1359 4532 perpetuaque
