3304 5206
499 446 620 506 omnus
645 445 828 493 messurus
851 445 1100 494 Assuouoruas
1330 432 1373 494 69

377 621 464 681 quam
488 604 622 680 sequitur
644 602 760 663 nebulis
782 621 887 664 rorans
910 602 1007 681 liquor
1030 602 1105 663 altus
1131 605 1242 682 aquari.

378 720 455 773 tenta
480 731 570 791 supra
594 714 732 789 circaque
755 722 899 790 urgentur
923 712 1035 773 lumina
1060 712 1170 773 mundi.

323 837 336 876 a
380 831 408 881 at
431 822 534 884 dextra
558 822 699 902 laevaque
722 825 780 882 siet
803 831 866 882 rau
889 821 1000 901 fulgida
1024 821 1095 883 solis

377 931 486 993 mobile
509 931 689 993 turriculum
712 932 850 993 etiunae
872 933 1029 993 simulacra
1053 933 1199 995 feruutur.

376 1061 497 1121 squama
521 1041 577 1103 suh
600 1043 735 1103 aetherio
757 1050 917 1122 conspeetu
939 1050 1016 1105 torta
1039 1043 1178 1104 draconis

378 1155 497 1212 eminet.
541 1152 622 1213 hune
644 1153 722 1213 inira
745 1150 892 1230 fulgentes
915 1170 1016 1213 arcera
1040 1159 1153 1232 septem

376 1256 481 1339 magna
505 1262 736 1340 quatetenus,
761 1281 849 1343 quam
872 1280 994 1324 servans
1017 1282 1102 1324 serus
1123 1266 1154 1324 iu
1178 1264 1235 1324 utta

308 1388 334 1425 20
378 1373 515 1433 conditur
538 1373 650 1434 Oceani
671 1375 736 1454 ripa
759 1391 827 1433 eum
848 1372 916 1433 luae
938 1373 1046 1434 Bootes

737 1668 843 1738 ,ΠΗ
943 1656 982 1753 “,

561 1820 1028 1928 1ἙΑΒῊιΑΕ·

224 2011 427 2072 reversuras
446 2014 665 2084 Σοφοκλέους
761 2014 897 2081 trigona
992 2014 1118 2069 Electra
1233 2019 1369 2086 *Aeropa

746 2294 818 2365 .r

621 2458 976 2558 ANNALES

292 2670 324 2716 13
342 2664 449 2714 nebulis
472 2663 664 2725 Wakefieidus:
682 2662 799 2715 nebulas
821 2662 849 2710 V
869 2661 873 2728 Ι
898 2663 967 2713 licor
989 2664 1014 2712 V
1036 2662 1041 2728 Ι
1066 2664 1247 2730 lt‘urgentur
1265 2664 1368 2714 lumina

223 2736 335 2798 scripsi:
353 2730 621 2796 uigentumiflumina
643 2731 668 2779 V
682 2727 734 2793 115
752 2730 912 2780 Addextera
929 2731 955 2779 V
967 2728 972 2796 Ι
989 2732 1019 2780 16
1037 2731 1138 2781 Mouile
1161 2732 1189 2780 V
1199 2730 1204 2795 1
1225 2734 1256 2782 17
1275 2733 1368 2781 aethe-

223 2805 264 2851 rio
284 2802 423 2850 Heinsius:
442 2803 556 2848 aeterno
579 2798 604 2846 V
617 2798 623 2863 Ι
639 2800 670 2848 18
688 2798 763 2847 infra
779 2800 891 2862 scripsi:
909 2800 982 2847 inter
1003 2800 1030 2848 V
1042 2804 1046 2864 Ι
1064 2801 1094 2849 19
1113 2798 1209 2849 stelias
1231 2799 1369 2849 Craterus:

224 2869 321 2919 stellis
337 2871 362 2918 V
373 2875 413 2917 set
426 2875 453 2917 ut
466 2868 565 2930 apsidis
581 2869 682 2929 speeies
693 2869 728 2915 sit
739 2864 887 2929 obsoniari
906 2865 1002 2916 serbis
1018 2869 1044 2916 V
1057 2865 1110 2931 1211
1128 2865 1259 2917 Conditor
1270 2869 1368 2917 oceani

122 2969 126 2975 ι
223 2938 298 3003 ripas
309 2952 378 2997 pum
395 2935 458 2984 luae
475 2934 566 2984 bootis
588 2935 612 2983 V
629 2936 761 2984 emendata
778 2951 794 2983 a
814 2934 923 2983 Cautero
950 2933 955 2999 Ι
980 2939 1095 3000 sequitur
1115 2938 1141 2984 in
1162 2935 1188 2983 V
1208 2934 1253 2984 hie
1272 2951 1368 2985 uersus

224 3004 283 3054 sine
302 3010 414 3053 auctore
434 3007 477 3052 est
495 3016 547 3066 quo
566 3001 611 3050 die
630 3001 695 3065 quid
713 3000 784 3051 demi
797 3002 830 3050 de
841 3017 954 3066 corpore
967 3007 1095 3068 oporteat
1107 3003 1218 3067 Vngues
1232 3004 1367 3053 mersurio

223 3079 311 3122 cetera
331 3073 390 3121 rade
407 3074 434 3120 in
451 3071 566 3120 Araunia
585 3069 646 3133 Btp.
663 3085 690 3133 p.
710 3072 762 3119 228

223 3227 274 3276 iilis
298 3229 324 3274 in
346 3230 466 3289 sequente
489 3237 565 3271 uersa
587 3214 650 3272 ttaee
668 3220 775 3272 nebulis
798 3237 894 3272 rorans
917 3223 1007 3286 liquor
1030 3220 1040 3287 ΙΙ
1064 3225 1097 3271 14
1115 3227 1247 3287 urgentur
1265 3221 1368 3272 lumina

224 3295 292 3358 quod
308 3294 395 3356 posui,
418 3306 467 3354 pro
490 3298 561 3340 certo
584 3306 634 3341 nan
656 3290 735 3340 nabeo
758 3293 808 3340 nisi
829 3289 941 3339 lumina.
971 3290 1104 3340 Heinsium
1126 3294 1205 3355 mapis
1227 3294 1305 3341 miror
1323 3308 1367 3340 aa·

223 3362 348 3425 quieuisse
366 3363 391 3408 ia
409 3360 448 3408 tria
465 3358 562 3422 uigent
577 3357 652 3407 huno
669 3357 782 3409 flumina
800 3360 828 3408 id
844 3365 883 3408 est
900 3374 980 3423 snpra
997 3360 1117 3423 atraeque
1135 3361 1275 3424 aquarium,
1294 3375 1368 3424 quam

229 3428 412 3491 Wakefietdarn
435 3434 547 3476 tentasse
569 3426 666 3490 uigent
687 3426 735 3475 ubi
760 3425 880 3475 eulmina
903 3426 1006 3479 mundi.
1036 3429 1062 3475 in
1081 3429 1172 3475 iumine
1189 3443 1239 3477 aaa
1257 3429 1368 3490 quadrat

223 3498 325 3559 uipendi
350 3496 463 3553 uerbum,
493 3500 627 3558 urgentur
643 3496 801 3557 interpretor
819 3498 967 3545 ‘uoluuntur
985 3495 1056 3544 atiud
1072 3494 1103 3543 ab
1122 3496 1172 3543 aiio
1190 3494 1340 3545 estimatum’
1359 3492 1368 3560 ΙΙ

224 3566 256 3611 15
274 3564 381 3617 Murrus
393 3566 418 3611 in
431 3564 539 3612 Arateis
551 3564 603 3611 527
620 3565 681 3611 rota
700 3561 807 3611 feruida
826 3562 892 3611 solis
916 3559 926 3626 ss
951 3564 983 3609 17
1005 3562 1031 3611 1ιί
1052 3577 1141 3611 uersus
1164 3569 1212 3610 tam
1230 3564 1291 3611 taxe
1314 3579 1367 3611 eunt

222 3630 398 3694 superioribas
421 3630 558 3679 cohaerent
579 3637 608 3677 ut
624 3629 722 3678 dubites
739 3646 796 3679 num
813 3631 899 3679 eodem
912 3631 985 3680 modo
1000 3629 1103 3689 Quintus
1121 3644 1165 3679 eos
1183 3631 1368 3679 eanunuauerit

222 3696 231 3763 11
252 3697 301 3748 sub
317 3699 419 3747 Arctoo
434 3703 586 3775 conspeetu
598 3695 714 3761 Sentiper
725 3694 735 3760 ΙΙ
749 3700 781 3746 18
799 3712 896 3747 arcera
908 3700 977 3761 quad
987 3698 1131 3747 uocabulum
1141 3699 1245 3761 priores
1257 3700 1368 3761 turpiter

223 3767 399 3828 desumerent
425 3773 463 3815 est
486 3762 585 3828 αμαξα
606 3768 760 3828 plaustrum,
784 3767 835 3815 aiio
857 3768 955 3815 nomiae
978 3781 1048 3815 ursa.
1077 3772 1164 3815 aretae
1181 3767 1262 3816 maior
1278 3769 1367 3816 stelias

222 3842 317 3898 septem
339 3834 415 3882 habet
437 3835 462 3881 in
485 3834 569 3895 eapite
592 3830 703 3896 (Hypini
725 3840 821 3883 astron.
847 3832 898 3882 III
915 3832 959 3897 1),
987 3834 1067 3883 draeo
1090 3839 1172 3882 autem
1194 3836 1276 3883 cauda
1295 3834 1368 3897 flexa

222 3910 299 3966 eaput
317 3903 383 3951 iltius
401 3903 502 3965 attinpit
519 3898 622 3963 (ibidem
634 3898 671 3963 2),
689 3902 774 3965 itaque
795 3901 868 3964 infra
886 3903 1022 3951 draconem
1036 3902 1166 3965 fuipentes
1182 3901 1287 3962 Quintus
1302 3902 1368 3963 sarit

222 3977 318 4033 septem
341 3971 445 4019 triones.
475 3968 581 4018 Marsus
603 3983 679 4016 uersu
702 3970 736 4017 46
758 3971 817 4033 quia
840 3970 907 4019 inter
929 3971 995 4020 duas
1017 3978 1104 4020 aretas
1125 3971 1264 4019 eotioeatus
1287 3971 1367 4019 draeo

222 4039 331 4097 uidetur,
350 4037 401 4086 has
418 4037 491 4086 inter
508 4038 589 4100 inquit
607 4040 700 4085 toruos
718 4035 801 4085 draeo
820 4037 920 4101 serpit,
943 4044 970 4086 at
990 4036 1152 4086 Germanicus
1168 4055 1193 4090 a.
1212 4040 1246 4086 48
1262 4053 1298 4086 ss.
1316 4037 1367 4086 has

148 4151 151 4159 ,
223 4106 297 4155 inter
314 4104 420 4154 medias
439 4105 548 4168 abrupti
565 4102 685 4153 fluminis
709 4106 798 4153 instar
820 4105 938 4154 inmanis
961 4119 1074 4169 serpens
1098 4107 1210 4155 sinuosa
1227 4104 1367 4154 uolumina

222 4177 332 4237 torquet
343 4173 407 4251 hine
420 4176 501 4235 atque
514 4170 578 4220 hine
591 4185 728 4235 supraque
740 4171 814 4235 illas,
831 4171 958 4222 mirabile
971 4176 1128 4234 monstrum,
1148 4171 1237 4221 cauda
1248 4172 1365 4221 Helieen

223 4238 411 4437 suprVIItIVVVg
424 4255 520 4424 ῗὲἷῖιῙὶιόε
536 4308 575 4357 iis
593 4309 699 4372 aliisque
717 4309 752 4370 ef.
769 4325 796 4372 p.
816 4311 849 4356 17
865 4324 886 4358 s.

381 4391 414 4428 e.
432 4392 460 4438 p,

617 4526 954 4537 ——-.-.---—
