3304 5206
521 401 851 450 eonsuenauetonvu
873 401 1073 449 Pffl'lTIONIS
1326 380 1369 453 39
1451 438 1455 453 .

225 566 254 621 te
277 560 447 623 deferendis
469 560 538 640 quid
568 560 621 622 tibi
649 577 751 619 eorum
780 558 897 620 sodales
920 559 1091 639 receperint
1113 568 1143 619 ct
1165 560 1369 622 confirmarint

228 674 456 691 δ--ι---ιιι---ν--ω---ιι

290 743 306 812 '1
331 748 394 812 quid
416 751 426 797 l
445 751 479 800 38
497 750 531 798 te
550 750 581 797 it)
600 750 649 796 117
658 765 667 797 .·
690 745 799 809 quidem
827 747 849 794 V
873 744 1002 809 quidnam
1024 749 1033 794 l
1053 746 1148 811 reliqui
1171 743 1174 809 Ι
1202 745 1253 796 tibi
1277 762 1322 797 om.
1345 747 1366 794 L

221 820 382 880 praeterii
400 818 445 876 49,
469 823 528 879 post
551 814 660 866 sodales
679 814 774 865 adiecit
796 817 829 864 bb
856 812 859 881 l
886 813 996 866 sodales
1020 828 1112 864 eoriuu
1136 815 1226 864 omisso
1244 814 1295 865 tibi
1317 815 1342 864 V
1361 812 1364 878 l

223 884 447 955 confirmaueriui
464 886 488 935 L

223 989 306 995 >w
352 988 451 995 rss-fi-oed

224 1054 316 1110 ultera
330 1054 384 1109 reol.
399 1052 466 1108 liii
480 1071 507 1119 p.
521 1057 572 1104 931
585 1052 633 1107 ubi
644 1053 781 1120 reliquiae
804 1068 860 1119 nro
876 1052 966 1107 Gellio
978 1057 1113 1118 praetore
1125 1052 1273 1118 desiquato
1290 1069 1308 1107 o
1322 1051 1365 1107 Ci-

223 1126 286 1178 eius
298 1124 438 1178 orationis
449 1123 584 1177 collectae
596 1127 672 1176 sunt.
695 1128 781 1177 testes
808 1135 912 1176 cerone
934 1127 1069 1186 praetore
1095 1136 1184 1187 aeque
1208 1137 1243 1175 ac
1265 1121 1367 1176 consul

223 1192 254 1244 in
274 1206 380 1246 caussa
397 1190 593 1246 Fundaniana
613 1190 693 1244 citati
713 1196 781 1244 sunt
806 1194 906 1254 postea
917 1188 1062 1243 consulem
1074 1189 1254 1255 desiquatum
1266 1187 1365 1244 Mure·

226 1258 342 1322 Graeci,
366 1262 508 1313 tractatus
525 1258 604 1312 locus
625 1258 660 1312 de
681 1258 780 1313 nobiti·
808 1273 874 1310 num
890 1256 1028 1324 defendit.
1054 1256 1193 1322 reliquias
1210 1256 1365 1312 illiusare·

223 1332 290 1391 tete,
303 1330 459 1381 memoratu
471 1327 661 1392 competitoris
671 1331 780 1393 peracta
807 1327 892 1379 tionis
914 1340 1052 1391 perquam
1079 1326 1204 1392 exiquos
1232 1324 1365 1380 collectos

223 1395 326 1461 lexque
336 1395 460 1449 annalis.
478 1399 662 1460 equaesturu
672 1395 779 1449 inrisio
806 1393 894 1447 babes
908 1393 986 1458 apud
999 1391 1135 1446 Orelliam
1147 1390 1215 1446 IIII
1224 1410 1251 1459 p.
1265 1396 1324 1448 945.

220 1467 304 1529 qesta
311 1462 451 1517 bominem
460 1467 626 1517 accusatum
635 1460 779 1517 csseDru·
849 1460 879 1527 Q·
892 1459 962 1514 Galli
975 1460 1002 1514 C.
1015 1458 1124 1514 Corneli
1137 1460 1165 1515 L.
1179 1460 1291 1515 Coruini
1306 1461 1364 1515 eol-

221 1546 347 1585 mounus
358 1532 478 1585 coniecit
489 1530 554 1595 bist.
565 1546 634 1585 rom.
651 1529 677 1583 V
684 1548 710 1595 p.
719 1535 779 1584 374,
805 1529 873 1582 latio
885 1527 1151 1593 Laqomursiniano.
1174 1534 1202 1581 et
1215 1526 1243 1582 C.
1258 1526 1363 1583 Corne-

290 1596 321 1665 Q.
335 1597 438 1653 Gellius
453 1603 573 1664 praetor
593 1598 729 1652 iudicium
750 1599 780 1652 id
806 1596 873 1651 lium
897 1598 946 1663 qui
962 1603 1084 1662 propter
1100 1596 1223 1661 finitumi
1240 1597 1364 1651 nominis

221 1668 354 1721 exercuit
370 1668 400 1720 in
416 1682 471 1732 quo
497 1666 594 1721 Cicero
620 1664 647 1719 C.
673 1664 778 1720 Corne·
805 1665 1018 1718 similitudinem
1041 1667 1071 1717 iu
1096 1663 1168 1718 libro
1195 1663 1363 1719 Germanico
1401 1727 1407 1735 ,

220 1733 513 1801 liumdesendittlottu
525 1733 618 1788 etTor
637 1739 779 1788 uatocon·
807 1733 921 1787 uidetur
937 1733 1133 1796 intercidisse,
1156 1730 1226 1785 Ituli
1243 1733 1307 1786 siue
1324 1746 1363 1787 eu

220 1801 332 1857 salibus
351 1818 428 1858 anno
446 1751 670 1863 boenerii,
694 1806 724 1856 ut
741 1805 779 1856 te·
804 1797 869 1867 §51
882 1802 944 1855 siue
955 1800 1071 1854 aliunde
1081 1807 1275 1865 coqnouerant
1285 1806 1362 1855 recte

221 1869 778 1935 stuturAsconiusiuarqumeutouetio-
807 1870 901 1935 relique
930 1868 1076 1922 addidere.
1116 1884 1182 1922 uum
1213 1865 1362 1923 Cornelius

221 1936 615 1993 nisCornelianneeulremo.
629 1937 778 1992 idemdum
804 1953 868 1990 cum
891 1935 940 1990 Cu.
960 1937 1078 2001 Pompei
1099 1941 1233 2001 quaestor
1273 1936 1363 1990 uisset

220 2007 378 2061 orationem
394 2007 425 2060 iu
442 2012 506 2071 toqe
519 2005 643 2059 condida
654 2003 778 2059 liuditum
804 2004 991 2069 tribunusque
999 2003 1094 2069 plebei
1102 2001 1243 2058 allt'LX
1270 2002 1363 2058 XVII

221 2079 343 2128 enarret
362 2092 389 2138 p.
410 2077 443 2124 88
465 2073 496 2139 Q.
521 2072 678 2128 Galliuma
701 2071 777 2127 Cice·
804 2071 911 2134 leqibus
923 2072 990 2125 latis
1000 2071 1190 2138 popularibus
1202 2071 1361 2137 etcolleqee

221 2157 291 2197 rone
315 2140 472 2207 defensum
499 2156 563 2196 esse
586 2142 675 2195 tradit
697 2156 777 2195 reum
803 2142 1008 2194 intercessione
1024 2145 1170 2205 perempto
1194 2140 1224 2192 iu
1244 2141 1363 2206 optima·

221 2209 350 2270 ambitus,
365 2210 440 2274 quod
453 2209 596 2264 aedilitate
611 2209 732 2276 functus
750 2227 777 2262 a.
803 2208 1017 2262 tiumiuuidiam
1027 2209 1245 2263 incucurrisset.
1256 2206 1362 2272 defun-

157 2302 160 2307 ·
220 2276 387 2332 DCLXXX
392 2277 430 2333 VI
446 2293 509 2333 cum
526 2278 632 2332 bestius
653 2291 710 2331 nou
726 2277 777 2331 na·
804 2282 867 2330 ctus
884 2278 1053 2342 muqislrutu
1076 2293 1101 2330 a.
1114 2273 1285 2328 ocem
1289 2274 1365 2330 VIII

219 2347 341 2410 buissel,
367 2350 433 2411 post
465 2361 572 2399 erenum
604 2345 777 2401 candidatus
804 2359 873 2399 reus
896 2344 994 2410 faetus
1018 2347 1062 2398 est
1084 2343 1144 2408 leqe
1169 2342 1302 2397 Cornelia
1326 2344 1361 2398 dc

216 2420 377 2481 praeturae
393 2413 490 2468 ludum
510 2413 711 2479 qladiatorium
728 2414 776 2467 de·
804 2414 959 2466 maiestate.
985 2412 1107 2466 sedtum
1119 2411 1229 2477 quidem
1244 2409 1275 2464 L.
1293 2409 1361 2465 Cas-

220 2483 261 2537 dit
269 2484 350 2548 patri
361 2496 393 2537 se
404 2496 468 2536 eum
480 2481 615 2535 bonorem
627 2480 699 2534 dare
708 2497 776 2545 uro·
803 2482 846 2533 sio
856 2485 992 2545 praetore
1004 2480 1184 2545 qratirteeute
1201 2486 1229 2533 et
1240 2477 1361 2534 Manilio

218 2551 327 2618 sessus.
356 2564 441 2616 quam
458 2549 491 2604 ob
509 2564 569 2603 rem
586 2567 603 2601 u
616 2547 654 2604 M.
669 2548 776 2603 Calidio
803 2547 917 2602 tribuno
923 2546 963 2614 ql.
973 2563 1037 2601 eum
1047 2549 1143 2613 operis
1152 2548 1361 2602 interueniente

220 2624 335 2673 oratore
347 2618 541 2673 eruditissimo
554 2619 584 2671 iu
598 2619 643 2671 ius
656 2622 776 2672 uocatus
802 2621 987 2669 ‹reeeasetores
1002 2614 1098 2682 faqati
1113 2619 1181 2669 sunt
1204 2629 1360 2681 nomenque

219 2693 262 2741 est
291 2691 342 2739 aul
365 2686 533 2749 desiqnotus
556 2690 675 2751 praetor
699 2701 775 2739 anuo
805 2682 964 2737 Cornelide
983 2685 1041 2737 reis
1056 2689 1225 2748 exemplum.
1248 2697 1360 2749 proxu-

219 2752 464 2808 DCLXXXVHI
475 2755 563 2807 uulsi
574 2753 669 2808 morbo
682 2753 776 2807 ulietue
802 2768 846 2805 mo
859 2767 1023 2809 ueronrnno
1040 2752 1133 2805 denuo
1150 2753 1180 2803 iu
1197 2751 1243 2805 ius
1256 2751 1360 2805 duetus

220 2824 331 2876 ratione
343 2827 501 2876 excusatus
513 2822 649 2875 iudicium
661 2827 718 2874 tum
731 2822 775 2888 ef·
802 2825 830 2873 et
858 2837 876 2873 a
904 2819 1085 2885 principibus
1109 2819 1236 2873 ciuitatis
1259 2824 1361 2872 coutru

218 2887 775 2957 suaerateuprueturuuIlCLXXXX.
802 2902 866 2942 eum
882 2887 1040 2942 dicentibus
1057 2888 1218 2941 testimonia
1239 2901 1360 2951 pressus

217 2960 363 3023 posterius
379 2957 433 3011 boc
449 2961 560 3024 tempus
571 2958 716 3012 Ascanius
733 2958 776 3010 iu·
802 2961 852 3016 est,
870 2954 1011 3019 defensus
1028 2954 1209 3021 quatriduoa
1223 2951 1359 3009 Cicerone

219 3027 335 3089 dicauit,
349 3040 449 3081 ueram
463 3040 552 3091 neque
569 3027 631 3091 ipse
653 3025 776 3090 fidenter
801 3038 910 3077 surnmu
924 3029 986 3076 arte
999 3038 1034 3076 ac
1045 3023 1176 3086 scientia,
1189 3037 1262 3088 ques
1271 3024 1359 3079 octie-

219 3094 402 3149 osseuerouit
424 3100 451 3146 et
475 3092 556 3147 nobis
580 3092 776 3159 aliquomodo
803 3106 854 3144 nes
868 3096 936 3155 nost
953 3092 983 3144 iu
999 3090 1074 3145 duas
1093 3087 1191 3144 Cicero
1213 3090 1359 3144 orationes

218 3176 282 3216 eum
294 3176 411 3216 errasse
424 3166 555 3227 apertum
572 3167 623 3216 est.
651 3177 717 3214 neem
731 3158 775 3213 u·-
801 3157 927 3212 conlulit.
943 3174 1044 3212 eurum
1053 3157 1108 3211 reli
1127 3159 1190 3212 uiue
1200 3158 1359 3212 eumAsco-

219 3245 285 3283 rere
298 3244 370 3296 quae
382 3228 546 3283 consuleris
558 3229 732 3283 candidatus
745 3230 775 3283 iu
803 3228 833 3279 ni
848 3227 1003 3280 summario
1026 3174 1160 3291 tequuiur
1184 3225 1263 3291 aqud
1279 3223 1359 3280 Oret·

221 3296 370 3352 Catilinam
393 3297 468 3351 dixit
492 3295 561 3351 ulter
585 3295 690 3350 induxit
712 3312 773 3349 eum
801 3294 869 3348 lium
881 3292 949 3348 1111
959 3312 987 3359 p.
999 3298 1061 3347 932.
1087 3295 1201 3348 tertium
1217 3308 1256 3347 an
1272 3309 1359 3359 quur-

218 3381 299 3432 qucm
319 3363 411 3434 potuit
429 3373 459 3418 ut
476 3371 590 3431 reperite
607 3362 774 3429 gladiatores
801 3368 859 3416 turn
871 3361 963 3416 loerrm
974 3360 1124 3417 Cornelius
1137 3364 1166 3415 in
1178 3361 1358 3417 leucenume-

219 3432 324 3500 populo
338 3449 391 3487 non
406 3429 513 3485 debitus
526 3431 713 3501 pelliceretur,
728 3430 775 3485 lu's
801 3431 912 3484 rectione
936 3431 1060 3484 tenuerit
1082 3430 1206 3493 dubites,
1232 3433 1262 3483 ut
1281 3434 1358 3485 certe

220 3500 315 3555 uerbis
332 3499 475 3554 Asconius
492 3515 556 3553 eum
574 3500 669 3554 uideri
685 3499 774 3552 adne-
802 3513 858 3551 nou
882 3503 1025 3563 repuqnat
1051 3500 1134 3552 tertio
1162 3513 1261 3552 rerum
1287 3512 1358 3564 quus

218 3569 290 3622 teuit
311 3568 469 3635 siqnifieeri
491 3566 521 3631 Q.
547 3565 668 3621 Gellium
692 3583 774 3634 quem
801 3567 926 3619 uurraui
937 3567 1015 3621 erdo.
1249 3577 1257 3591 ·

218 3643 314 3703 postea
332 3651 409 3690 reum
427 3631 544 3688 ambitus
563 3632 696 3694 detendit,
719 3650 775 3688 uon
843 3632 992 3687 Coruinum
1019 3638 1151 3699 quartum
1178 3632 1358 3698 quemouus

215 3708 307 3767 potest
317 3705 411 3757 uirum
421 3701 613 3756 clarissimum
623 3718 679 3755 uun
688 3702 775 3769 fesel-
801 3703 986 3755 commentari
1005 3719 1034 3767 p.
1060 3706 1094 3752 37
1117 3706 1145 3755 et
1168 3699 1358 3756 Drumuunus

216 3770 285 3824 iisse
303 3772 446 3825 rncnioria.
480 3785 577 3836 nempe
601 3785 650 3825 cos
676 3768 774 3824 Cicero
797 3768 960 3833 probarunt
983 3768 1127 3823 nobilitate
1151 3785 1185 3824 uc
1205 3768 1358 3835 splendore

215 3837 392 3900 qladietorcs
405 3842 604 3891 commemorat
611 3852 685 3958 geres
700 3836 774 3890 Cuti-
801 3839 945 3890 eccuecuti
961 3834 1178 3892 Messallurum.
1207 3836 1359 3891 euidenter

216 3904 527 3961 lineuDCLXXXIX
530 3905 576 3959 uel
581 3903 608 3958 D
632 3903 779 3958 LXXXX
800 3904 875 3957 enim
887 3904 993 3959 nesciui
1006 3906 1181 3971 scripturum
1193 3904 1265 3959 mule
1275 3903 1358 3959 intel·

217 3978 248 4028 ul
269 3974 373 4041 populo
397 3974 570 4040 nescioquis
589 3972 774 4038 polliceretur
799 3970 901 4025 lectum
912 3971 1027 4026 librarii
1036 3973 1067 4026 iu
1080 3972 1157 4027 corni
1174 3971 1250 4039 quod
1264 3972 1358 4027 codex

216 4039 356 4108 effecerit,
372 4040 482 4096 Gallius
495 4056 570 4095 uero-
583 4055 651 4093 snos
664 4039 772 4100 qlirdia-
801 4037 951 4095 Leidcnsis
963 4039 1047 4095 babet
1060 4056 1123 4094 cum
1132 4046 1295 4095 curuatura
1307 4054 1356 4094 su-

216 4115 293 4164 tores
306 4115 373 4164 unte
384 4106 711 4181 aunumDCLXXXlX
717 4124 774 4163 non
798 4123 853 4171 uer
869 4107 877 4159 i
893 4108 973 4174 flexa
985 4113 1013 4162 et
1029 4124 1052 4163 c.
1066 4107 1182 4163 orcinini
1195 4107 1270 4175 quod
1283 4107 1356 4161 Tur·

214 4179 389 4242 premiserat
409 4176 500 4231 solum
521 4177 674 4232 sedetiam
690 4175 773 4230 culei-
800 4175 890 4230 nebus
918 4175 1027 4241 leqerat
1054 4181 1081 4231 et
1109 4175 1216 4231 ceruini
1242 4175 1356 4242 formes

147 4258 151 4267 ’
215 4245 324 4301 buerat.
348 4244 456 4300 Asconi
475 4245 563 4311 iqitur
584 4245 773 4299 testimonium
800 4247 1012 4298 conuerterunt.
1041 4248 1166 4299 notatum
1183 4249 1276 4298 eutem
1293 4246 1357 4297 erat

215 4315 353 4368 concedat
370 4327 486 4367 necesse
503 4317 547 4367 est
565 4311 663 4377 Qeriuti
677 4317 773 4366 aucto·
799 4327 835 4366 eu
858 4311 1006 4377 scripturn
1024 4312 1051 4366 e.
1070 4309 1163 4366 Oreioi
1185 4325 1288 4366 nomen
1309 4310 1357 4366 uel

215 4382 297 4435 rituti
318 4399 374 4448 quu
390 4380 515 4434 bubitom
531 4394 594 4432 esse
615 4380 773 4445 persuade·
799 4379 875 4443 qaod
890 4394 905 4432 e
921 4379 1054 4434 Palatino
1074 4378 1216 4433 Gruterus
1229 4379 1357 4434 enotuuit

215 4454 264 4504 tur
293 4468 319 4504 u.
348 4446 515 4505 otim
520 4446 596 4503 VIII
616 4450 774 4505 orationem
801 4447 828 4502 e.
845 4445 975 4504 Orchiuii.
1004 4445 1128 4503 Orcieios
1146 4446 1205 4503 dici
1219 4448 1287 4516 quio
1299 4462 1356 4515 uer
