3304 5206
512 414 841 463 connnnrnarocvn
864 410 1065 463 rnrmroms
1218 385 1223 391 ’
1278 434 1294 449 «
1314 399 1356 463 29
1435 465 1438 470 ,

212 571 301 633 miiiis
323 572 473 641 hominm,
504 572 582 650 quod
606 573 669 634 sino
698 575 796 633 nervis
819 579 902 642 sant,
930 571 983 632 tibi
1007 590 1094 650 pares
1123 589 1183 630 non
1206 590 1280 632 esse.
1327 574 1390 631 att

212 682 335 744 Catilina
359 690 388 743 et
409 682 555 744 Antonius
577 682 694 744 molesti
717 691 799 743 stent:
838 685 929 742 immo
952 682 1065 742 homini
1088 700 1171 749 navo,
1195 681 1353 750 industrio,

211 794 377 862 innocenti,
409 793 535 864 diserto,
565 795 695 871 gratioso
723 794 800 873 apud
830 812 879 853 eos
909 794 959 870 qni
987 811 1035 853 res
1057 793 1202 860 indicant,
1233 791 1355 870 optandi

172 920 176 924 ‘
211 904 430 983 competitores,
454 904 541 964 ambo
564 923 580 964 a
602 906 729 982 pueritia
746 905 856 974 sicarii,
880 902 967 963 ambo
982 902 1143 973 libidinosi,
1160 900 1248 963 ambo
1265 920 1354 981 egen·
1398 917 1407 931 ‘

28 1023 263 1115 (1111110103.
304 1032 412 1075 ¹eorum
446 972 568 1075 aiddrins
603 1014 679 1075 bona
713 1016 881 1094 proscripta
912 1014 1055 1088 vidimus,
1091 1031 1192 1074 vocem
1226 1012 1353 1089 demque
1385 1020 1424 1067 etr.
1446 1000 1465 1062 b
1499 1014 1504 1017 “

52 1122 152 1188 tamt
209 1123 374 1185 audivimus
396 1126 520 1185 iurantis
549 1143 581 1185 se
604 1124 714 1185 Romae
744 1124 853 1185 indicio
876 1142 973 1201 aequo
1000 1142 1067 1184 cum
1097 1123 1217 1183 bomine
1240 1123 1354 1184 Graeco

210 1243 326 1297 certare
349 1234 408 1295 non
430 1253 526 1321 posse.
556 1253 591 1295 ex
615 1242 720 1296 senatu
744 1237 871 1295 eiectum
895 1236 1004 1296 scimus
1028 1235 1138 1313 optima
1164 1228 1259 1319 [vero]
1284 1253 1353 1295 cen·

210 1365 310 1407 sorum
333 1347 558 1419 existImatione.
603 1347 634 1405 in
656 1354 796 1426 practura
819 1346 1045 1424 competitorem
1073 1343 1230 1406 habuimus
1257 1349 1352 1406 amico

210 1456 329 1517 Sabidio
353 1464 382 1517 et
404 1456 560 1526 Panthera,
584 1456 725 1535 quomod
750 1455 879 1517 tabulam
895 1475 970 1536 quos
984 1462 1120 1536 poneret,
1143 1472 1202 1516 non
1218 1432 1353 1516 haberet.

170 1581 196 1619 10
210 1586 268 1647 qno
291 1568 443 1628 tamenin
466 1569 638 1643 magistratu
667 1568 791 1628 amicam
815 1584 901 1644 qnam
931 1567 1011 1627 domi
1032 1564 1128 1645 palam
1151 1565 1291 1636 baberet,
1316 1566 1354 1627 de

209 1677 352 1738 machinis
375 1679 457 1737 emit.
501 1678 531 1736 in
554 1679 696 1756 petitione
719 1687 817 1738 autem
840 1676 1012 1738 consulatus
1035 1676 1226 1756 Cappadoces
1248 1695 1353 1737 omnes
1403 1720 1406 1725 «

275 1864 433 1915 ‘ib‘omines
459 1861 465 1927 1
489 1878 562 1912 naua
580 1864 727 1914 Puteanus:
745 1880 816 1914 nouo
841 1861 845 1927 1
874 1862 1066 1928 depuericia
1087 1860 1091 1927 1
1119 1864 1218 1913 'tuero
1235 1861 1351 1928 seclusit

207 1934 223 1983 9
243 1948 304 1982 cnm
321 1933 477 1982 Lambinus:
495 1930 594 1996 quami
618 1933 648 1981 ll
668 1933 807 1998 peticione
825 1930 829 1996 1
852 1931 1031 1997 Cappadoces
1048 1933 1159 1995 scripsi:
1179 1931 1351 1997 canpadoces

276 2106 289 2151 1
315 2102 363 2166 qui
379 2103 403 2151 L
431 2100 435 2166 1
456 2102 512 2151 sint
529 2102 553 2150 L
575 2111 683 2166 praeter
708 2104 776 2151 348
795 2103 827 2149 40
846 2103 963 2150 117117
984 2098 987 2164 1
1015 2096 1088 2164 esse]
1113 2115 1194 2165 posse
1218 2104 1262 2150 ta
1285 2104 1371 2152 ande'

208 2172 777 2234 essenonpossel475012212412b
797 2166 801 2232 1
827 2169 996 2218 2Antonius
1015 2175 1043 2218 et
1061 2168 1185 2218 Catilina
1203 2169 1227 2217 L
1248 2168 1252 2231 1
1278 2185 1351 2219 nano

207 2246 251 2288 arat
269 2254 406 2311 ¹Qu·
425 2237 448 2285 L
462 2235 466 2302 Ι
484 2240 500 2287 3
513 2237 627 2302 optandi
640 2238 668 2286 hi
681 2236 788 2286 Oreitius
807 2235 840 2301 14
853 2253 869 2285 a
881 2236 1001 2300 pueritia
1013 2231 1097 2367 om&
1107 2245 1214 2300 praeter
1245 2239 1305 2286 819
1318 2240 1352 2287 50

31 2305 123 2355 tibth
137 2282 165 2384 ἐ
210 2305 212 2370 1
233 2310 248 2357 i
267 2310 295 2356 et
314 2322 347 2356 ex
365 2310 464 2371 senatu
483 2302 524 2383 Idi
542 2307 557 2354 9
577 2305 647 2368 quod
665 2305 689 2353 L
706 2312 814 2368 praeter
831 2303 881 2370 501
903 2304 1063 2354 habebatL
1118 2308 1148 2355 10
1167 2304 1259 2369 palam
1278 2305 1351 2355 domi

75 2388 98 2467 'p
116 2403 140 2451 ι
207 2375 230 2424 L
241 2381 351 2439 praeter
363 2377 396 2423 50
414 2372 462 2438 111
483 2380 574 2422 autem
592 2376 661 2423 arnt
679 2376 696 2422 3
715 2370 782 2435 1271
800 2388 941 2436 caupones
960 2374 983 2421 L
1000 2374 1051 2421 nisi
1068 2375 1136 2437 qnod
1153 2388 1318 2437 componens
1333 2376 1350 2422 3

116 2450 143 2470 ‘
208 2457 355 2506 componas
373 2445 414 2492 aet
432 2456 492 2490 enm
505 2456 590 2505 pones
605 2443 639 2490 36
653 2442 687 2489 38
706 2455 846 2505 cauponas
860 2443 909 2489 117
923 2443 972 2489 127
990 2438 994 2502 1
1008 2440 1051 2488 hic
1068 2448 1128 2504 post
1145 2456 1239 2491 onmes
1251 2442 1313 2493 add.
1326 2441 1350 2489 L

250 2623 265 2667 7
283 2615 312 2672 C.
324 2618 478 2672 Antonium
491 2616 649 2683 Hpbridam
659 2614 691 2670 L.
704 2615 764 2671 Get·
833 2621 848 2665 9
866 2616 969 2682 confer
982 2615 1070 2681 lepcm
1082 2617 1219 2684 municipi
1229 2616 1349 2672 Malaci-

207 2684 263 2741 lius
282 2693 310 2740 ct
328 2684 377 2740 Cn.
395 2684 534 2741 Lentulus
555 2683 611 2739 drro
633 2699 763 2738 censores
791 2685 853 2737 tani
864 2701 888 2737 r.
902 2683 958 2737 LV
972 2683 1021 2751 qui
1035 2683 1145 2740 comitia
1163 2683 1281 2746 babebit,
1300 2701 1347 2739 cn-

206 2752 351 2808 ciarissimi
368 2753 422 2807 uiri
444 2752 694 2820 sapientissimique
714 2752 764 2806 bo·
790 2759 851 2806 rato
865 2759 895 2805 ut
905 2751 938 2805 ad
951 2751 1046 2806 cistam
1057 2752 1201 2820 coitusque
1211 2752 1303 2808 curiae
1317 2770 1348 2808 cx

207 2821 293 2875 nrines
336 2822 351 2884 (
358 2819 412 2875 Cic.
435 2819 568 2885 pCluent.
596 2817 617 2887 ἕ
641 2819 707 2880 120)
738 2836 764 2873 a.
790 2818 975 2886 municipibus
986 2818 1191 2888 eiinsmnnieipi
1203 2821 1273 2875 terni
1283 2821 1347 2882 sint,

206 2886 441 2943 DGLXXXIHI
454 2889 489 2943 de
502 2893 606 2943 senatu
618 2889 765 2943 eiecerunt
790 2886 838 2954 qui
852 2887 921 2941 eiius
935 2886 1027 2941 curiae
1044 2903 1098 2941 non
1112 2887 1176 2952 sint,
1189 2888 1238 2956 qni
1251 2888 1347 2943 subira-

206 2956 282 3022 quod
306 2956 431 3020 Graecos
459 2955 621 3022 diripuerat
645 2953 765 3009 Sullano
791 2956 834 3021 gia
853 2954 1011 3009 custodiant
1028 2952 1175 3017 diribcant,
1194 2972 1264 3010 neue
1282 2973 1347 3024 pro·

206 3032 339 3090 tempore.
355 3024 431 3089 quod
441 3025 471 3076 in
484 3024 529 3077 ias
542 3023 577 3076 ab
590 3025 631 3077 eis
644 3029 764 3077 uocatus
790 3020 884 3076 hibeto
908 3038 965 3089 qno
984 3021 1072 3075 minus
1092 3029 1118 3076 et
1147 3023 1196 3090 qni
1214 3024 1347 3078 bonorem

188 3097 190 3101 ’
206 3109 231 3145 a.
244 3089 462 3146 DCLXXVIH
470 3091 599 3146 tribunos
609 3091 701 3156 plebei
713 3108 763 3156 ap·
789 3096 893 3157 petent,
907 3089 1032 3156 singulos
1040 3089 1169 3145 custodes
1182 3090 1213 3145 ari
1225 3090 1347 3158 singutas

204 3160 410 3225 peltaaeratne
420 3174 555 3213 caussam
565 3158 764 3225 diceretpuod
790 3157 872 3211 cistas
886 3165 998 3225 ponant.
1018 3157 1194 3212 Panthercm
1204 3177 1222 3212 a
1234 3160 1347 3214 lanisti-

206 3241 275 3281 oere
287 3227 380 3281 alieno
392 3226 511 3281 obrutus
521 3226 595 3280 bona
603 3228 637 3287 ‚in
647 3241 701 3281 sua
711 3242 762 3292 po·
789 3227 834 3279 cia
845 3225 958 3292 familia
970 3226 1123 3280 oriundum
1136 3226 1231 3293 fuisse
1245 3243 1346 3281 nomen

206 3300 307 3348 testate
320 3308 377 3348 non
393 3293 499 3349 babuit.
527 3299 628 3359 postea
645 3300 763 3361 praeta·
790 3292 905 3359 uidetur
914 3294 1048 3359 prodere.

206 3379 269 3416 rom
287 3379 344 3416 una
365 3378 429 3417 cum
450 3361 489 3417 M.
508 3360 644 3417 Cicerone
666 3364 762 3428 pessit.
823 3365 855 3411 11
870 3367 1008 3428 'caupones
1018 3360 1094 3415 Itali.
1106 3376 1177 3417 sone
1186 3364 1216 3417 in
1224 3378 1346 3429 prouer-

204 3432 262 3484 iam
283 3446 354 3485 uero
378 3430 459 3497 uotpo
487 3429 762 3496 comprehendebant
788 3428 831 3482 bio
856 3429 934 3494 apud
955 3428 1123 3484 Petronium
1146 3437 1200 3485 sot.
1219 3436 1252 3482 02
1273 3447 1345 3500 copo

206 3499 308 3566 optima
322 3515 388 3553 uero
402 3514 548 3553 censorum
562 3496 762 3552 existimatione
788 3494 953 3565 compilatus
978 3503 1099 3563 apparet
1116 3498 1226 3564 quatem
1247 3501 1277 3553 in
1295 3502 1345 3553 mi-

206 3566 232 3619 in
247 3574 374 3634 praetura
387 3565 599 3633 competitorem
617 3564 761 3619 babuimus
787 3566 841 3619 mis
854 3565 1000 3619 uisitatum
1012 3580 1075 3620 esse
1088 3566 1183 3620 credo.
1202 3566 1260 3620 sed
1271 3565 1345 3633 iega-

203 3632 328 3700 prorsus
340 3636 452 3698 insane,
467 3649 635 3699 quamquam
647 3633 678 3687 r'd
689 3633 763 3699 quod
788 3631 891 3687 tionem
909 3632 949 3686 od
964 3648 1110 3700 caupones
1128 3651 1146 3687 a
1158 3650 1212 3700 quo
1224 3636 1344 3689 manda-

206 3717 253 3756 res
265 3701 391 3768 postulat
404 3700 669 3756 Gesnerusdadum
680 3706 760 3766 pate·
787 3706 844 3753 tam
868 3706 895 3753 et
918 3716 971 3765 quo
994 3705 1078 3766 pocta
1099 3704 1257 3757 institutam
1281 3717 1345 3757 esse

202 3771 317 3835 fecerat
339 3769 384 3824 bis
409 3769 504 3824 uerbis
533 3775 636 3835 ‘potest
659 3768 761 3835 aliquis
787 3769 964 3833 capitemus?
976 3768 1034 3834 fait
1046 3769 1345 3836 ipiturcutaliegatio-
1373 3820 1375 3823 .

205 3839 302 3892 recreari
316 3839 455 3891 innocens
473 3855 491 3890 a
508 3837 621 3902 cupidis
632 3838 761 3891 censori·
787 3850 849 3888 nem
862 3837 892 3889 in
902 3843 1020 3890 mentem
1031 3839 1149 3897 ueniret,
1160 3840 1243 3904 prosi
1252 3840 1344 3904 ipsum

204 3905 257 3959 bas
269 3911 296 3959 et
308 3906 422 3972 iniquis,
435 3904 481 3959 bic
492 3918 560 3958 aero
570 3905 677 3959 eiectus
689 3906 761 3970 opti·
784 3905 1001 3970 pereprinatam
1012 3919 1076 3959 esse
1088 3904 1242 3959 Antoniam
1255 3905 1342 3972 Quiri-

204 3973 614 4028 mailtoramemistimatione’.
632 3974 762 4037 sequitur
786 3977 834 4025 tus
858 3986 915 4026 mon
937 3971 1106 4038 planissime
1134 3972 1251 4027 dixerit.
1287 3976 1343 4027 iam

205 4046 297 4097 cratem
315 4047 345 4095 nt
362 4056 429 4095 uero
443 4054 537 4107 praue
554 4041 697 4094 intrusum
709 4039 761 4093 ba·
787 4038 853 4093 uide
865 4039 941 4105 quod
951 4042 1023 4094 satis
1032 4043 1186 4106 perspicue
1204 4042 1234 4093 in
1246 4042 1343 4094 codice

205 4108 320 4162 beamus
333 4126 350 4162 a
363 4109 482 4163 librario
494 4108 544 4174 qui
560 4109 616 4161 uim
633 4106 760 4174 proiecto
789 4106 958 4161 Germanico
968 4108 1163 4171 traditumest,
1174 4124 1257 4174 qaam
1267 4109 1298 4161 id
1305 4111 1344 4162 sit

206 4174 287 4227 acerbi
299 4175 346 4229 uei
357 4181 384 4229 et
397 4177 499 4241 optima
517 4175 628 4242 quidem
640 4189 760 4240 expres·
787 4180 892 4239 aptum.
921 4174 1136 4229 Ariobarzanes
1157 4190 1213 4229 rece
1231 4174 1342 4242 Cappa-

205 4255 294 4295 sarns
304 4247 375 4296 erut.
391 4257 479 4308 nepae
489 4247 606 4298 amimea
615 4242 761 4309 particula
786 4243 885 4296 dociae
902 4244 997 4297 socius
1011 4243 1111 4309 populi
1123 4242 1247 4312 Romani
1259 4250 1342 4309 atquc

204 4311 347 4362 suaserim
374 4316 405 4363 ut
436 4310 506 4365 binc
532 4312 674 4365 translata
695 4315 761 4375 post
786 4312 896 4363 amicus
913 4328 931 4364 a
948 4309 1123 4365 Mithradate
1147 4316 1213 4365 ante
1234 4328 1343 4366 onnam

204 4384 333 4444 praetura
355 4378 504 4432 inseratur
521 4385 569 4432 aaut
590 4386 714 4434 mutetur
730 4379 760 4431 in
785 4375 952 4431 DCLXXX
957 4377 1033 4432 VIII
1042 4394 1128 4444 repro
1141 4380 1260 4440 eiectus,
1278 4387 1342 4447 post
1403 4414 1412 4426 ι

204 4445 332 4501 duorum
785 4462 869 4513 quam
881 4446 1033 4517 Pompeius
1050 4445 1342 4504 ePontoMitbrada·
