3304 5206
324 1574 366 1693 0.
402 1614 482 1673 Tulli
508 1614 660 1674 Ciceronis
693 1615 782 1672 ailam
813 1620 973 1688 postquam
1002 1612 1197 1674 Sebastianus
1225 1613 1382 1674 Corradus

236 1716 304 1775 olim
327 1718 358 1774 in
380 1721 545 1789 quaestura
567 1722 596 1774 et
620 1715 780 1775 Guilelmus
796 1715 936 1776 Puetzius
957 1719 989 1775 iu
1005 1717 1247 1776 commentatione
1262 1716 1381 1775 Marco-

235 1818 308 1876 duri
320 1818 402 1878 edito
419 1833 449 1876 a.
466 1823 541 1875 1833
552 1818 813 1889 adumbraverunt
830 1820 977 1892 copiosius
989 1818 1183 1877 Ilrumannus
1194 1820 1335 1878 narrarit
1350 1819 1381 1876 in

236 1907 380 1998 ltisloriae
395 1934 539 1978 romonae
557 1921 772 1993 qenealaqicae
793 1922 941 1980 uolumine
961 1921 1045 1980 s'ercto
1064 1937 1097 1994 p.
1120 1926 1173 1978 719
1194 1938 1244 1989 ss„
1266 1930 1382 1980 retrac-

235 2023 309 2081 tauit
331 2019 454 2080 Blasius
476 2022 505 2078 in
528 2029 752 2094 proprammate
773 2021 984 2096 Brdburqensi
1004 2039 1033 2080 a.
1059 2028 1150 2080 teat:
1173 2014 1381 2082 natubonori·

235 2121 288 2182 bus
310 2124 429 2196 inqcnio
451 2124 547 2180 minor
569 2139 658 2196 quam
682 2123 725 2181 M.
745 2123 859 2201 frater,
880 2126 1000 2199 pariter
1023 2130 1113 2197 atque
1139 2125 1190 2183 ille
1211 2140 1231 2182 a
1247 2126 1382 2200 puerilia

234 2224 355 2284 liberali
376 2224 531 2283 doctrinae
553 2221 642 2298 atque
663 2225 860 2285 bumanitatis
881 2227 1065 2285 institutione
1087 2225 1221 2302 imbutus,
1244 2227 1337 2285 ducta
1352 2228 1382 2284 in

236 2327 455 2401 matrimonium
477 2326 644 2400 Pomponia
666 2328 759 2387 Attici
777 2343 881 2387 sorore
903 2345 981 2402 quae
999 2344 1177 2403 praeqnons
1199 2330 1288 2386 anno
1302 2327 1384 2385 urbis

235 2427 481 2488 DCLIIXXVII
498 2442 569 2485 mon
584 2430 713 2503 peperit
730 2427 868 2498 Quintum
887 2431 999 2502 pillum,>
1020 2430 1163 2497 aedilicia
1185 2446 1240 2488 suo
1263 2432 1382 2490 comitia

235 2530 307 2588 abiu
321 2518 402 2587 anno
412 2528 589 2588 DCLXXX
595 2529 680 2597 VIII,
696 2532 816 2589 consule
826 2530 934 2602 fratre
946 2540 1071 2606 praetor
1085 2532 1257 2604 desipnatus
1272 2533 1383 2591 iudicio

236 2631 274 2689 de
285 2631 417 2690 Arclriae
428 2633 548 2691 ciuitate
559 2631 640 2704 quod
647 2629 766 2702 sactum
779 2640 823 2690 est
832 2647 914 2693 anno
926 2632 1169 2693 IICLIIIIXXII
1176 2631 1327 2708 praefuit,
1344 2650 1383 2692 ea·
1484 2674 1492 2681 -

174 2722 179 2725 ’
236 2743 385 2806 praetura
408 2733 510 2792 Asiam
531 2733 719 2808 prouinciam
741 2734 864 2793 obtinuit
881 2751 938 2809 per
952 2735 1113 2795 trIennium
1125 2751 1236 2810 parum
1250 2736 1383 2794 secunda

233 2833 332 2908 famo,
354 2834 479 2893 Romam
501 2836 601 2895 redelor
624 2841 656 2893 ul
672 2832 777 2906 frater
799 2837 887 2895 ersul
908 2838 1116 2896 restitueretur
1135 2838 1259 2897 consilio
1275 2853 1384 2913 opera·

236 2953 293 3010 que
315 2937 443 3012 adiuvit,
462 2942 595 2995 exeunte
616 2951 697 2995 anno
719 2935 926 2995 IlCLXIIIIX
933 2937 995 2995 VII
1016 2938 1128 2997 Olbiam
1150 2940 1181 2998 in
1203 2937 1384 2998 Sardiniam

231 3037 392 3113 profectus
413 3044 458 3096 est
471 3038 596 3112 Pompei
615 3039 731 3111 topatus
752 3040 799 3098 rel
815 3036 1041 3108 frumentariae
1061 3056 1181 3112 caussa,
1206 3057 1287 3100 aetrno
1308 3039 1386 3099 lico

129 3216 137 3222 .
238 3142 270 3199 in
294 3141 422 3200 Galliam
446 3146 475 3198 et
498 3138 693 3199 Britanniam
717 3139 855 3200 Caesaris
876 3143 993 3218 topatus
1014 3158 1069 3201 nec
1090 3143 1154 3200 siue
1181 3141 1304 3201 bellicae
1325 3144 1384 3200 uIr-

237 3243 308 3300 tutis
322 3241 414 3299 laude
435 3257 531 3315 neque
557 3257 623 3301 cum
646 3244 750 3300 amore
770 3243 907 3310 militiae,
936 3259 1015 3302 anuo
1038 3223 1171 3302 pacm
1195 3246 1226 3303 ia
1251 3243 1385 3303 Ciliciam

237 3343 354 3414 lepatus
371 3341 495 3414 fratris,
518 3350 625 3403 euorto
647 3343 722 3402 bello
742 3345 825 3403 ciuili
844 3360 912 3403 cum
934 3342 1050 3415 fratris
1077 3347 1244 3420 exemplum
1266 3353 1385 3406 secutus

167 3462 169 3465 ·
237 3444 414 3503 haesitasset
434 3446 472 3503 de
488 3445 631 3520 partibus
651 3446 849 3521 Pompeianis,
875 3446 1013 3506 Caesaris
1034 3449 1112 3505 Iram
1133 3447 1312 3521 deprecatus
1333 3448 1385 3507 ab·
1456 3512 1458 3519 ¹

238 3546 369 3604 alienato
391 3547 491 3604 animo
513 3545 659 3619 afratre
680 3563 777 3607 auore
801 3549 865 3619 filio
892 3549 1043 3608 demersus
1067 3565 1141 3608 aere
1157 3538 1262 3607 ⁴relicuo
1282 3551 1384 3618 iacuit,

239 3648 366 3720 denique
383 3649 574 3722 proscriptus
595 3665 663 3708 cum
681 3648 786 3722 fratre
804 3651 925 3723 filioque
946 3651 1169 3717 triumuirorum
1191 3653 1272 3710 iussu
1295 3652 1386 3709 inter-

236 3748 336 3819 fectus
357 3754 401 3806 est
424 3765 504 3808 anno
526 3748 662 3809 neunt.
690 3752 766 3810 mibi
790 3753 909 3827 scripta
932 3750 1036 3821 Quinti
1055 3768 1133 3826 quae
1157 3751 1227 3824 sere
1248 3757 1347 3811 omnin
1369 3769 1385 3810 e

239 3849 343 3909 Marci
374 3849 458 3908 llbris
486 3852 680 3911 innotuerunt
713 3854 811 3913 deuito
842 3869 1020 3928 percensere
1049 3856 1252 3927 reliquiasque
1283 3866 1386 3914 eorum

238 3954 380 4025 collipere
396 3958 563 4027 propterea
582 3955 699 4027 placuit
720 3956 800 4028 quod
821 3970 879 4014 non
902 3957 995 4015 solum
1016 3957 1286 4014 commentariolum
1311 3958 1386 4030 peti-

240 4055 325 4114 tionis
347 4060 552 4130 arqumentum
579 4070 731 4127 penusque
756 4058 930 4132 scrIpturae
956 4057 1077 4116 exbibet
1097 4059 1218 4131 coquitu
1240 4058 1386 4131 diqnissi-

224 4172 318 4223 ,mum
340 4155 503 4217 sedetiam
526 4173 566 4215 eu
587 4157 694 4215 ceteris
716 4157 843 4217 bominis
857 4159 1049 4218 mediocriter
1071 4161 1216 4232 inpeniosi
1236 4161 1387 4234 opusculis

79 4249 84 4257 ’
240 4259 344 4331 qualia
366 4265 426 4317 tum
448 4257 550 4316 studia
572 4259 743 4318 litterarum
765 4276 910 4319 romonae
931 4276 992 4320 mos
1014 4261 1191 4320 eruditionis
1215 4260 1387 4334 probauerit
1438 4302 1441 4307 »

190 4370 198 4383 ’
240 4358 314 4418 bene
329 4360 527 4433 perspicitur.
556 4362 831 4420 commentariolum
848 4364 987 4437 propriis
1008 4360 1227 4421 eomnuntoriis
1250 4363 1387 4423 Valerius

240 4460 398 4520 Palermus
420 4467 448 4519 et
468 4459 626 4522 Rotundus
640 4463 777 4522 Petreius
792 4464 872 4536 olim,
895 4465 1049 4539 ¹nouissime
1063 4462 1157 4536 Hoffa
1179 4464 1285 4524 doctor
1300 4465 1386 4525 Mar·

293 4591 316 4646 Q.
330 4590 401 4631 Cicero
415 4590 448 4631 ed.
462 4590 572 4637 Biichcier.
1167 4568 1182 4625 1
