3304 5206
268 359 309 422 38
606 352 609 357 ⁴
673 372 795 431 ovium
818 371 1003 419 cressonis

269 530 423 592 elaborant
446 537 477 592 nt
498 531 615 609 possint
636 549 652 589 a
676 528 834 590 tribulibus
850 530 912 590 suis
934 546 968 588 ea
985 546 1061 605 <quae
1083 527 1223 607 petierint
1243 527 1414 606 impetrare.

270 641 324 702 bos
351 649 383 702 tu
410 640 545 701 homiues
573 640 810 718 quibuscumque
837 640 949 719 poteris
977 637 1156 707 rationibus,
1192 643 1224 697 ut
1252 655 1288 696 en
1317 637 1415 697 animo

222 762 252 811 19
270 760 359 831 atque
382 770 418 811 ex
439 750 488 811 ilia
511 769 625 812 summa
648 748 798 811 voluntate
820 751 864 810 tui
886 747 1010 810 studiosi
1039 749 1097 808 sint
1120 746 1280 808 elaborato.
1332 744 1415 817 Quod

270 865 296 924 si
319 864 389 923 satis
411 863 487 940 grati
510 862 646 923 homines
668 868 781 931 essent,
809 860 884 922 baec
913 858 965 921 tibi
994 861 1092 920 omnia
1115 867 1216 938 parata
1240 875 1304 919 esse
1327 856 1421 919 debe-'

272 972 343 1034 baut
364 974 406 1034 sio
430 972 471 1033 oti
494 979 593 1051 parata
618 989 682 1034 esse
704 971 850 1052 conlido„
876 989 944 1032 nam
974 970 1030 1031 boe
1058 969 1178 1030 biennio
1206 976 1346 1049 quattuor
1368 982 1442 1030 so·5

271 1062 404 1144 dalitates
428 1081 580 1169 bominum
606 1082 640 1143 ad
664 1083 857 1144 ambitionem
880 1081 1164 1159 gratiosissimorum
1194 1079 1247 1141 tibi
1270 1078 1415 1158 obligasti,
1455 1081 1458 1086 '

272 1195 303 1254 C.
326 1192 471 1263 Fundani,
496 1193 531 1265 Q.
556 1192 638 1263 Galli,
663 1193 694 1255 C.
718 1195 851 1270 Corneli,
870 1193 901 1254 C.
926 1192 1032 1254 Orciri.
1079 1190 1184 1251 borum
1209 1191 1240 1251 io
1262 1189 1359 1250 cansIs
1381 1189 1415 1250 ad

272 1312 500 1321 *ᾖ

341 1365 354 1413 1
374 1363 391 1414 a
417 1361 421 1427 Ι
443 1362 575 1426 petierint
592 1364 706 1427 scripsi:
725 1367 853 1428 peterent
874 1359 878 1426 Ι
905 1365 921 1412 3
940 1377 973 1411 ex
986 1363 1092 1411 intuma
1109 1360 1254 1410 uoluntate
1267 1358 1418 1423 Mcpiicliias

273 1428 276 1497 Ι
296 1434 313 1481 4
332 1431 453 1485 debeant
472 1428 477 1494 Ι
496 1432 512 1480 5
530 1435 648 1494 quatuor
668 1431 672 1497 Ι
692 1434 706 1481 7
731 1448 763 1482 ·c·
782 1431 926 1496 fundaniq3
946 1429 1015 1497 gatii
1034 1429 1167 1479 eboreinii
1187 1425 1239 1493 (ael
1257 1427 1417 1490 chorasan:

272 1500 384 1551 Corneli
401 1514 490 1549 nornen
507 1500 615 1548 accessit
632 1515 668 1550 ec
686 1499 709 1549 h

341 1655 354 1702 1
373 1656 486 1717 possent
503 1652 527 1700 L
546 1650 690 1717 {peterent
702 1651 742 1715 [,Ι
760 1656 776 1703 2
795 1633 949 1704 rationibus
967 1652 1069 1717 poteris
1088 1653 1111 1701 L
1130 1648 1283 1702 rationibus
1302 1649 1353 1698 tibi
1372 1649 1418 1698 nd-

172 1729 175 1735 ·
273 1720 512 1853 uisura
529 1717 618 1852 rita
631 1724 849 1840 ,irrisam
864 1722 1088 1838 airicus
1105 1722 1156 1837 n
1173 1717 1352 1849 riarum
1365 1721 1419 1836 aa

273 1787 326 1906 bib
342 1805 362 1906 l0
367 1856 461 1922 reliqui
476 1859 674 1918 praeteritet
691 1854 814 1920 omisere!
833 1856 955 1906 debeant
973 1859 982 1904 t
1000 1855 1133 1905 delebant
1150 1857 1222 1905 tm
1234 1857 1284 1904 127
1299 1851 1303 1918 Ι
1319 1854 1335 1904 5
1353 1869 1419 1904 con-
1466 1884 1469 1889 ·

273 1921 345 1991 fido]
360 1938 496 1974 concerno
515 1924 538 1972 L
556 1926 713 1987 praeterio
736 1922 740 1987 Ι
758 1926 879 1974 triennio
898 1926 921 1974 L
936 1920 941 1987 Ι
956 1925 973 1972 6
991 1922 1153 1986 ciuiumhl
1176 1926 1191 1974 7
1211 1922 1329 1973 Fundani
1342 1937 1420 1986 prae·

273 2009 362 2043 nomen
384 2009 430 2043 oin.
457 1993 482 2041 V
498 1994 614 2042 13638
637 1991 666 2041 O.
686 1995 695 2041 l
714 1996 746 2042 48
763 1995 796 2041 49
814 1993 850 2045 Μ.
870 1994 945 2043 treti
963 1994 988 2041 ai
1015 1988 1020 2055 Ι
1050 1989 1080 2040 0.
1104 1989 1226 2040 Cornelii
1244 1991 1268 2039 L
1287 1991 1337 2040 nist
1353 1991 1421 2056 quod

275 2059 324 2113 Cn.
343 2063 376 2110 48
395 2062 428 2108 is
447 2062 567 2109 122124
585 2063 704 2109 126127
726 2058 837 2110 Corneli
856 2064 873 2110 3
893 2062 927 2110 38
945 2010 961 2125 Ι
985 2059 1017 2112 L.
1037 2059 1150 2108 Coruini
1175 2063 1202 2109 et
1219 2057 1314 2109 borum
1334 2058 1356 2108 Ii
1374 2073 1419 2109 ex-

273 2135 347 2193 cepto
365 2131 399 2177 50
417 2129 460 2192 qui
477 2127 507 2176 Ο.
527 2126 652 2178 Orchinii
668 2128 743 2178 babet

276 2231 504 2239 -—-—.-«-—-

274 2296 407 2362 prodidit.
433 2302 491 2350 tum
524 2296 634 2350 etierint
648 2311 702 2351 car
713 2295 831 2365 efficere
858 2314 893 2351 rn
910 2296 1040 2359 elocutio,
1061 2311 1117 2350 non
1135 2310 1174 2350 ec
1194 2295 1299 2351 licetur
1317 2311 1419 2350 corru-

177 2408 183 2419 .
275 2371 435 2432 epotarent
452 2313 602 2419 maiiierim
623 2380 707 2431 qaam
746 2371 830 2428 etant,
857 2365 963 2431 ptionis
986 2365 1043 2419 uia.
1078 2310 1265 2430 probabitur
1290 2364 1346 2418 duo
1370 2363 1420 2417 illa

276 2447 333 2486 non
345 2435 407 2497 eqet
419 2432 523 2487 uerbis.
551 2430 637 2487 Italis
649 2433 697 2499 qai
708 2381 832 2487 ebbena·
860 2431 999 2487 iiocabnla
1008 2434 1039 2486 in
1048 2431 1351 2499 superlatiuumnnam
1360 2447 1420 2487 mu-

277 2507 341 2554 runt
355 2501 451 2566 potius
467 2505 496 2555 et
516 2506 631 2565 possent
651 2499 833 2555 scribendam
860 2506 973 2564 tantur,
996 2501 1170 2566 praesertim
1192 2515 1257 2554 cam
1278 2514 1384 2565 persae
1404 2515 1420 2554 a
1517 2518 1520 2523 ’

276 2581 429 2630 censuere,
457 2569 543 2622 ctiam
570 2567 623 2621 boc
656 2567 834 2623 aduersatus
859 2584 899 2624 ec
924 2569 1079 2634 postremis
1103 2566 1277 2634 superlatiui
1302 2517 1420 2633 satiabis

275 2635 351 2702 qnod
362 2636 418 2690 ista
430 2635 604 2690 consiietndo
617 2651 673 2689 non
684 2635 764 2690 modo
777 2651 833 2690 non
860 2651 983 2690 summus
1001 2641 1134 2690 exortam
1151 2637 1201 2698 sit,
1221 2635 1299 2689 uelut
1315 2636 1354 2690 ad
1370 2635 1420 2690 Ai-

277 2702 381 2757 abolita
390 2708 435 2757 est
441 2708 541 2769 postca
551 2703 763 2769 sedprocamis
771 2709 836 2769 post
862 2705 947 2759 ticam
959 2702 976 2757 Ι
988 2709 1027 2765 tt,
1042 2708 1059 2755 3
1072 2702 1134 2771 quis
1148 2718 1269 2758 summos
1280 2718 1295 2758 ε
1308 2703 1419 2770 nequis·

278 2769 424 2826 Ciceronis
442 2769 621 2825 consalatam
644 2773 730 2825 annis
750 2772 836 2827 etiam
862 2787 965 2826 samos.

221 2850 224 2857 '
277 2840 367 2905 maqis
380 2839 477 2906 uiqait.
494 2838 654 2893 clarissime
666 2854 834 2906 ueroquan-
906 2845 921 2889 7
939 2838 966 2894 C.
979 2836 1134 2893 tundimus
1147 2836 1294 2893 Ciceronis
1312 2840 1420 2895 utrius-

278 2913 403 2972 toopcre
421 2905 566 2962 tribulium
581 2921 700 2961 suorum
711 2908 836 2974 qratiam
862 2921 915 2973 que
939 2908 979 2961 ita
1003 2907 1112 2961 amicus
1137 2910 1167 2960 ut
1190 2904 1312 2986 Quintus
1334 2907 1421 2963 Asiae

277 2974 406 3030 domines
415 2974 556 3029 ambitiosi
563 2974 836 3040 quaesiuerintbi'nc
861 2979 1034 3042 propraetor
1057 2979 1196 3041 repetenti
1217 2972 1245 3029 ei
1268 2976 1421 3041 pecuniam

278 3042 378 3106 elucet,
391 3041 504 3108 quodsi
515 3043 564 3108 qai
574 3057 657 3097 saam
668 3044 772 3108 petitor
784 3043 836 3097 tri-
863 3042 897 3096 ub
914 3041 1135 3109 Apollonidense
1153 3041 1245 3108 aliquo
1271 3043 1355 3098 nimis
1371 3059 1421 3098 cu-

200 3137 203 3143 *
278 3110 342 3165 bum
350 3109 528 3175 perdiderat,
537 3111 693 3175 iqnomini'a
703 3110 836 3176 adfectus
860 3125 930 3175 perc
949 3110 1098 3164 uideretur
1116 3107 1186 3174 (Cic.
1205 3110 1243 3164 ad
1255 3108 1286 3175 Q.
1297 3109 1422 3177 fratrem

276 3191 401 3245 prorsas
411 3177 555 3243 siimulari
563 3177 722 3232 uidebatur.
738 3177 836 3232 Cicero
862 3177 882 3232 Ι
891 3183 907 3229 2
924 3174 1011 3244 §tot
1036 3192 1108 3244 quae
1126 3179 1278 3244 nepotiano
1295 3194 1360 3233 cam
1383 3193 1422 3233 ex

278 3246 313 3300 dc
324 3244 512 3311 haruspicum
525 3248 673 3310 responsis
720 3249 765 3307 56,
783 3262 836 3311 pro
862 3246 989 3312 equestri
1005 3244 1105 3300 ordine
1122 3261 1186 3300 eam
1203 3245 1299 3314 faisse
1313 3246 1424 3312 probet,

279 3309 517 3381 Sestio§114,in
533 3311 675 3366 Vatinium
717 3317 759 3367 36.
783 3315 836 3368 ita·
863 3313 984 3368 eundem
1008 3328 1072 3368 esse
1096 3313 1291 3379 suspicaberis
1314 3315 1363 3380 qut
1385 3315 1424 3369 ad
1453 3330 1457 3333 ·

278 3396 331 3503 pue
344 3381 495 3436 Fauonius
510 3378 655 3437 Ciceronis
672 3379 776 3435 tribum
793 3386 837 3436 ta·
865 3380 1057 3436 Caesarianos
1083 3379 1250 3449 confaqisse
1281 3387 1423 3436 narratur
1450 3424 1454 3431 .

295 3451 301 3462 ο

289 3464 347 3504 isse
360 3447 504 3504 honestius
516 3447 654 3503 scribitur
666 3449 705 3503 ad
715 3448 838 3503 Atticam
864 3464 903 3502 ecc
931 3448 1171 3504 aduersariorum
1206 3452 1311 3505 castris
1346 3466 1422 3504 anno

279 3516 558 3584 Iltuquamsuam.
573 3517 838 3584 quippequaepaa-
864 3514 1226 3584 neumasensium).
1248 3532 1300 3573 nec
1312 3518 1422 3572 distare

279 3585 406 3640 cioribus
418 3599 482 3639 eam
494 3582 645 3651 suffraqiis
657 3589 794 3639 creasset.
865 3600 948 3639 socer
965 3583 1105 3640 Varronis
1119 3585 1234 3640 uidetur
1245 3585 1380 3640 laudatus
1392 3587 1423 3639 in
1458 3600 1461 3605 ’

323 3657 339 3704 2
358 3652 410 3708 bos
427 3650 562 3713 homines]
586 3652 776 3707 anacoluthon
796 3657 840 3707 est
863 3654 956 3719 primo
973 3667 1072 3707 rerum
1089 3654 1274 3708 rusticarum.
1304 3653 1423 3720 denique

280 3721 363 3787 quale
375 3720 454 3786 apud
465 3721 586 3776 comicos
597 3720 651 3775 boc
667 3720 744 3775 iilum
758 3727 788 3774 ut
798 3720 839 3774 ui·
872 3718 1013 3775 Varronis
1045 3720 1148 3774 librum
1181 3721 1216 3776 de
1244 3721 1424 3776 admirandis

281 3796 328 3845 uat
341 3794 450 3857 optant,
468 3804 585 3854 compar
595 3787 783 3855 paraqrapiio
794 3792 838 3852 29,
866 3803 946 3854 quein
954 3786 1060 3842 Gallum
1071 3786 1293 3843 autFundaninm
1303 3789 1425 3844 inscribi

281 3857 444 3921 coqitationi
460 3860 491 3910 nt
507 3870 595 3922 saepe
609 3857 641 3922 fit
658 3857 687 3910 iri
708 3870 839 3911 sermone
865 3857 1045 3922 qrammatici
1072 3858 1154 3911 aiant
1181 3856 1360 3913 discedentes
1388 3856 1423 3911 ab

280 3925 520 3991 cotidianoquam
532 3924 762 3989 pronuntiationi
773 3939 839 3978 con·
867 3925 980 3979 usitatis
1002 3923 1159 3989 loqistorici
1180 3927 1296 3991 perieris
1320 3926 1424 3979 inscri-

283 3992 456 4053 ueuientias,
481 3992 508 4046 si
524 3992 635 4057 quidem
651 3993 744 4046 animo
766 3994 839 4045 scri·
866 3992 1009 4056 ptionibus
1020 3997 1047 4046 ct
1059 3992 1206 4048 aliuscam
1217 3992 1424 4048 aliodissiden-

281 4060 372 4115 beatis
382 4059 616 4115 obuersatamest
626 4060 677 4114 bos
688 4058 839 4123 adiungito.
867 4066 909 4114 tes
927 4074 979 4114 nec
995 4060 1050 4114 sibi
1060 4060 1126 4127 sere
1139 4065 1312 4125 constantes,
1333 4060 1367 4114 ab
1380 4075 1424 4115 eo·
1580 4112 1584 4118 .

282 4132 313 4182 at
334 4128 403 4194 quid
421 4143 485 4183 eam
502 4129 634 4183 inuitauit
656 4131 697 4207 εἰ.
706 4127 840 4194 placidae
866 4127 929 4182 dem
940 4127 1052 4182 bomine
1063 4129 1193 4184 traxisse
1206 4126 1424 4207 nomenGaium·
1447 4116 1619 4215 atdb‘uiifflg,

281 4196 525 4251 commentationis
554 4194 753 4261 aequabilitate
777 4200 839 4249 tur·
866 4211 920 4261 qae
938 4200 1074 4250 mutatam
1090 4210 1154 4251 esse
1172 4197 1202 4249 in
1219 4194 1325 4251 Gallum
1349 4194 1425 4249 arbi·
1443 4182 1584 4248 tim-bi
1598 4190 1630 4225 *⁹⁰

283 4263 349 4318 bata
361 4268 501 4329 tamquam
519 4262 670 4318 uehemens
684 4263 840 4328 oratores-
867 4269 937 4318 tror.
966 4278 1142 4328 praenomen
1165 4263 1286 4330 defenso
1310 4282 1328 4317 a
1346 4262 1424 4321 Cice.-

282 4330 350 4397 suse
362 4330 500 4386 clamaret
517 4348 549 4385 cx
564 4329 609 4385 illa
623 4346 728 4384 summa
741 4328 841 4385 uolun-
868 4346 938 4385 rone
961 4330 1115 4385 Fundanio
1142 4329 1221 4398 falso
1248 4330 1358 4399 factum
1381 4336 1426 4385 est

284 4398 357 4453 tate?
374 4398 841 4467 demptoillacomplanaturaspe-
868 4398 957 4454 blaseo
979 4401 1064 4454 etiam
1081 4400 1111 4453 in
1127 4399 1251 4455 editione
1271 4398 1426 4461 Turicensi‘
