3304 5206
1640 350 1643 513 l

311 436 355 509 tlt
717 460 837 520 ovrnm
861 462 1043 510 cronnoms

1642 268 1643 295 l

312 629 392 679 tuam
415 620 440 679 si
462 618 641 689 adiunxeris,
664 637 718 698 per
741 638 792 679 eos
814 617 957 699 reliquam
980 617 1200 678 multitudinem
1224 615 1309 681 lacilo
1331 613 1454 677 tenellis

258 722 272 841 ξ
312 737 414 808 postea
435 736 532 824 totam
560 727 672 819 ltaliam
701 728 745 788 lac
774 736 807 789 ut
834 730 864 788 in
894 730 992 788 animo
1022 747 1055 788 ac
1084 710 1227 788 memoria
1255 716 1396 787 tributim
1413 725 1456 786 di·

271 828 277 867 7
312 841 453 919 scriptam
478 857 747 919 comprensamque
770 838 891 908 habeas,
916 856 954 899 ne
977 838 1055 916 quod
1073 839 1276 917 municipium,
1301 837 1455 904 coloniam,

311 949 537 1028 praefecturam,
561 949 658 1010 locum
682 950 809 1029 deniqne
832 949 933 1010 ltaliae
956 969 994 1010 ne
1009 968 1099 1029 quem
1121 966 1188 1009 esso
1209 949 1322 1027 patiare
1344 949 1374 1006 in
1399 965 1457 1027 qno

262 1064 292 1109 31
314 1077 372 1118 non
396 1058 505 1141 habeas
535 1060 712 1120 firmamenti
741 1060 818 1136 qnod
848 1061 919 1120 satis
947 1078 1011 1120 csse
1039 1061 1147 1139 possit;
1182 1059 1337 1139 perquiras
1360 1066 1389 1116 et
1411 1059 1502 1153 itt-n⁸
1642 1060 1643 1109 l

313 1170 437 1246 vestiges
459 1168 594 1230 homines
617 1190 652 1229 us
676 1171 757 1230 omni
779 1171 917 1248 regione,
948 1190 999 1231 eos
1022 1187 1197 1247 cognoscas
1225 1177 1361 1248 appetas,
1386 1185 1456 1227 con·

312 1281 425 1349 firmes,
455 1297 543 1340 cures
572 1277 605 1341 61
632 1282 662 1341 16
698 1281 759 1341 suis
786 1280 985 1340 vicinitatibus
1019 1278 1072 1339 tibi
1099 1284 1201 1358 petant
1236 1286 1272 1356 et
1292 1285 1341 1337 tua
1369 1296 1457 1338 causa
1642 1356 1643 1373 χ

312 1391 396 1468 quasi
418 1389 565 1450 candidati
588 1392 654 1450 sint.
700 1389 798 1450 volent
819 1399 848 1450 te
871 1391 1012 1481 apricum,
1043 1390 1069 1449 si
1097 1407 1180 1449 snam
1209 1398 1276 1450 ate
1298 1379 1457 1448 amicitiam

313 1500 410 1577 expeti
434 1498 583 1588 ridebunt.
628 1500 658 1559 id
681 1507 713 1560 ut
735 1499 910 1577 intelligant,
936 1501 1070 1561 oratione
1086 1518 1119 1560 ea
1136 1516 1211 1576 qnae
1227 1499 1263 1558 acl
1288 1515 1351 1558 eam
1367 1499 1457 1558 ratio·

312 1626 381 1668 nem
403 1609 533 1687 pertinet
555 1605 691 1670 habenda
720 1618 913 1688 consequere.
959 1610 1095 1670 homines
1123 1607 1316 1687 municipales
1345 1626 1378 1668 ac
1406 1625 1456 1667 ru·
1473 1625 1498 1661 10

298 1719 417 1784 ,sticani
444 1721 470 1778 si
497 1718 583 1778 nobis
611 1721 732 1780 nomme
760 1722 823 1779 croti
850 1726 934 1790 sunt,
965 1721 996 1779 in
1019 1720 1145 1782 amicitia
1169 1737 1287 1779 essese
1310 1717 1456 1778 arbitron·

311 1838 376 1900 tur;
399 1830 424 1888 si
447 1846 515 1889 vero
539 1832 626 1890 etiarn
650 1828 779 1907 praesidi
802 1847 834 1889 se
850 1829 960 1908 aliquid
976 1826 1034 1890 stoi
1057 1832 1237 1897 constituere
1258 1834 1372 1908 putant,
1396 1846 1456 1887 non
1642 1850 1643 1941 p

312 1940 451 1999 amittunt
473 1941 661 2000 occasionem
683 1940 886 2019 promerendi.
926 1939 980 2001 hos
1003 1942 1094 2000 ceteri
1118 1949 1147 2000 ct
1168 1941 1299 2030 maxime
1318 1938 1361 1999 tui
1376 1956 1456 1999 corn·
1641 1944 1643 2039 J

1642 2204 1643 2251 l

1642 2760 1643 2793 l

1642 2802 1643 2835 l

312 2051 453 2129 petitores
476 2067 514 2109 nc
536 2056 647 2110 norunt
669 2020 797 2127 quitta‘m,
822 2060 853 2111 tn
878 2059 907 2110 ot
929 2052 1008 2111 nosti
1031 2065 1060 2111 cc
1082 2049 1167 2111 facilc
1191 2067 1368 2127 cognosces,
1392 2049 1457 2108 siue

378 2234 581 2299 idescripiom
608 2234 612 2299 Ι
638 2208 735 2285 siloe
756 2236 910 2286 amiciciam
932 2234 936 2301 Ι
965 2240 996 2288 10
1015 2233 1229 2302 municipialesl
1251 2238 1281 2286 11
1300 2232 1454 2296 amicicial

312 2305 343 2352 12
362 2303 503 2367 praesides
523 2304 572 2353 ulii
591 2304 646 2353 eibi

379 2474 394 2522 2
413 2476 476 2536 post
493 2472 517 2520 L
535 2477 598 2536 post
617 2487 678 2522 eant
700 2472 723 2521 V
749 2471 754 2536 l
778 2473 805 2522 in
824 2475 1111 2525 antememorinadd.
1130 2477 1174 2525 13
1194 2477 1229 2524 36
1247 2470 1456 2539 127161116-

311 2539 442 2590 tributam
459 2541 482 2589 L
502 2539 675 2589 distributum
694 2544 703 2589 t
721 2544 818 2591 36126
836 2542 888 2590 tibi
906 2543 1029 2592 tributim
1049 2542 1215 2607 descriptam
1233 2545 1291 2592 166
1308 2559 1362 2592 cum
1379 2542 1457 2591 Lara·

310 2609 383 2658 binus
404 2609 626 2658 animaduertisset
647 2613 694 2658 ‘ex
716 2611 805 2659 codice
827 2609 947 2659 Memmii>
961 2618 986 2660 et
1012 2610 1123 2659 Turnebi
1144 2626 1200 2660 esse
1222 2613 1248 2660 in
1270 2611 1342 2659 libris
1368 2626 1455 2659 manu-

310 2678 415 2740 scriptis
432 2676 558 2726 tributim
576 2675 741 2727 districtam'
757 2677 761 2741 Ι
777 2679 794 2726 4
811 2678 920 2741 patiare
939 2692 1000 2728 esse
1018 2681 1028 2728 1
1046 2678 1099 2742 381
1115 2680 1131 2728 [t
1149 2679 1234 2728 etiam
1246 2687 1306 2728 ante
1318 2683 1347 2728 et
1358 2679 1419 2727 add.
1431 2677 1456 2726 L

312 2745 316 2803 Ι
336 2746 352 2793 6
370 2759 471 2808 eosque
490 2759 642 2808 cognoscas
660 2745 683 2792 L
707 2742 711 2806 Ι
732 2747 745 2794 7
765 2746 955 2795 uicinitatibns
973 2748 982 2795 1
1001 2748 1035 2795 36
1053 2748 1086 2795 46
1104 2748 1137 2795 49
1155 2748 1206 2794 50:
1224 2745 1416 2796 inciuitatibus
1432 2744 1458 2793 V

239 2807 242 2813 ’
310 2811 445 2862 uidelicet
463 2811 626 2861 ciuitatibus
644 2816 653 2861 l
671 2816 768 2861 38117
787 2813 949 2863 ciuitatibus
968 2817 977 2862 1
993 2811 1105 2878 reliquii
1121 2814 1230 2876 aliquos
1246 2821 1308 2877 port
1323 2813 1376 2861 tibi
1393 2815 1456 2862 666.

310 2880 335 2926 L
351 2886 458 2942 praeter
477 2882 512 2930 38
529 2883 571 2942 50,
591 2879 685 2945 aliquo
704 2883 748 2930 13
768 2878 772 2943 Ι
792 2884 807 2931 9
826 2896 861 2931 ea
878 2897 926 2934 om.
944 2881 968 2930 L
987 2878 992 2944 Ι
1014 2897 1076 2931 eam
1093 2897 1142 2933 orn.
1160 2882 1185 2930 L
1201 2887 1309 2945 praeter
1321 2884 1354 2930 te
1373 2883 1405 2929 49
1423 2884 1456 2929 66

313 2945 316 3012 l
338 2950 369 2997 to
386 2947 515 2997 habenda
533 2963 580 2999 orn.
597 2947 621 2994 L
638 2955 745 3011 praeter
763 2952 796 2997 66
814 2949 922 2999 abunde
941 2949 1135 3000 IacGrononius
1160 2948 1165 3011 Ι
1192 2952 1222 2997 11
1241 2949 1265 2997 si
1283 2955 1308 2998 et
1326 2955 1390 2998 sunt
1407 2964 1455 2998 orn.

310 3017 446 3078 tplurirui,
464 3016 491 3065 ln
508 3015 547 3064 lais
566 3018 582 3064 3
603 3018 637 3064 36
656 3019 690 3067 38
709 3019 828 3075 46166
849 3018 875 3067 V
895 3012 904 3080 'l
930 3018 1010 3066 nobis
1032 3015 1154 3082 nomina]
1179 3019 1289 3067 nomine
1308 3022 1413 3067 tuntum
1431 3014 1456 3063 L

310 3082 419 3133 nomine
437 3089 545 3132 tontum
562 3082 1107 3150 666161561666666112616156

311 3275 365 3331 666
382 3276 870 3345 166666666661166666666661·
897 3277 966 3333 tinet
998 3294 1170 3347 consequere
1205 3279 1458 3346 Lapomarsiniani

312 3350 361 3398 tur
373 3344 544 3409 distributio,
557 3345 642 3407 facile
660 3347 870 3412 acquiescerem
895 3347 1024 3413 plerique
1047 3348 1220 3413 pronissimo
1238 3363 1346 3414 quoque
1369 3363 1454 3402 uocu-

312 3413 339 3466 si
362 3418 471 3467 tantum
493 3414 574 3468 modo
599 3414 761 3467 uicinitates
786 3416 870 3469 iuxta
895 3413 1456 3482 6616666666.6661616666616666166

312 3496 376 3534 666
388 3480 513 3547 collepiis
531 3483 757 3536 nominarentur.
784 3496 870 3549 pugo·
895 3479 983 3537 libelli
993 3485 1042 3550 qui
1052 3483 1185 3538 blandam
1195 3485 1328 3550 petitoris
1341 3500 1405 3538 cum
1415 3485 1456 3537 ci·

313 3564 372 3602 rum
398 3563 467 3603 uero
492 3549 590 3603 additu
605 3552 708 3605 mentio
726 3550 870 3604 indicasse
897 3551 981 3605 nibus
996 3553 1262 3606 sermocinationem
1280 3551 1454 3618 intellepunt,

313 3614 448 3681 Quintum
464 3616 565 3682 probat
580 3619 701 3682 propria
718 3633 790 3683 quae
812 3623 870 3672 tum
897 3635 955 3673 uon
963 3619 1176 3685 planiusquam
1188 3621 1455 3686 antiquitatiumro·

312 3685 497 3751 erardplebis
509 3685 637 3740 urbanae
647 3686 869 3751 anastomotica,
897 3704 1049 3742 manarum
1065 3688 1223 3754 scriptores
1248 3688 1338 3742 uerba
1356 3686 1457 3752 Quinti

309 3753 434 3817 primum
446 3752 572 3818 callepio,
587 3760 645 3807 166
653 3769 742 3819 papas
755 3759 782 3808 et
792 3753 869 3808 uicos
893 3770 1034 3821 aopnosse
1058 3756 1201 3810 uidentur.
1237 3756 1340 3822 quibus
1363 3756 1454 3809 mani-

313 3820 414 3886 666666
437 3819 493 3874 loci
516 3820 596 3875 urbis
625 3836 721 3875 omnes
745 3824 870 3876 contine·
893 3823 971 3889 sesto
988 3823 1116 3890 efficitur
1133 3824 1230 3878 solitos
1254 3838 1318 3878 esse
1339 3823 1455 3877 111666-

313 3888 418 3942 bantur
429 3905 447 3942 6
465 3888 580 3955 repibus
597 3889 636 3942 ad
648 3887 796 3944 Caesares.
822 3905 869 3944 aa·
897 3897 953 3946 tate
966 3893 1142 3956 inpetitione
1155 3892 1324 3946 candidatos
1331 3891 1457 3957 produci

312 3956 375 4009 clem
388 3971 458 4010 usus
468 3956 559 4025 plebis
572 3956 758 4022 discriptione
772 3955 870 4011 Cicero
896 3960 926 4012 in
943 3961 1115 4022 contionem,
1135 3966 1165 4014 61
1179 3961 1345 4014 adsistentis
1354 3958 1457 4025 populi

279 4084 282 4089 ¹
307 4039 365 4089 pro
378 4024 458 4078 dorio
470 4023 529 4092 §td
538 4026 663 4090 primum
672 4024 797 4090 callepio,
812 4031 869 4079 tum
896 4025 1115 4083 beniuolentiam
1127 4026 1326 4094 suffrapiaque
1339 4033 1456 4094 expete·

307 4093 790 4158 6666666616661666616666611.
896 4101 969 4149 rent.
1387 4142 1389 4145 .

357 4164 373 4210 4
392 4159 470 4215 locus
489 4160 582 4215 tribus
599 4161 768 4227 oppidorum
781 4161 869 4215 nomi·
943 4167 974 4212 14
999 4178 1056 4217 666
1077 4164 1195 4229 scripsit
1211 4170 1242 4218 tu
1259 4171 1306 4218 aut
1320 4163 1455 4217 nostiaut

276 4268 280 4274 .
312 4227 395 4282 riiltus
408 4229 536 4283 adiectus
549 4229 745 4295 complectitur
754 4244 826 4294 quae
839 4230 870 4282 in
895 4227 976 4284 lircile
994 4245 1146 4296 cognosces
1163 4231 1325 4285 66666616
1343 4237 1374 4285 ut
1397 4230 1453 4285 col-

306 4295 419 4361 *lapibus
437 4297 603 4364 sinpillalim
620 4302 812 4352 nupserantur
824 4297 869 4364 fo·
894 4298 1003 4364 liparae,
1016 4314 1073 4353 666
1085 4305 1237 4365 separaret
1245 4299 1373 4354 domines
1384 4315 1454 4365 par·
1521 4367 1522 4370 Ἴ

311 4380 374 4417 rum
389 4365 482 4419 uicum
494 4364 712 4420 conciliabulum
721 4365 869 4420 castellum
894 4368 943 4420 tim
953 4372 1033 4425 notos
1040 4369 1270 4434 partimipnotos.
1288 4374 1389 4422 contra
1399 4381 1454 4420 me·

313 4433 496 4489 territorium.
565 4471 567 4474 ι
894 4436 965 4487 mini
974 4432 1112 4488 Senecam
1124 4436 1220 4490 dicere
1230 4433 1324 4489 eadem
1337 4442 1384 4488 aut
1393 4443 1453 4488 tur·

357 4504 372 4553 3
392 4501 516 4556 oratione
528 4518 599 4568 quac
612 4500 645 4555 acl
659 4502 791 4556 rationem
805 4518 868 4569 per·
893 4501 937 4567 pia
960 4510 1025 4556 sunt
1041 4511 1088 4556 unt
1106 4503 1220 4558 honesta
1242 4519 1306 4557 666
1328 4501 1456 4556 distrnlri
