3304 5206
1334 386 1375 450 21

314 562 381 622 Iam
399 564 454 627 ¹ad
485 564 633 622 letissima
661 563 852 637 pervenimus
885 563 1009 621 litterati
1033 563 1094 620 siue
1121 562 1162 620 oti
1186 561 1247 621 siue
1277 563 1377 635 nepoti

230 665 414 736 documento,
437 665 481 724 ad
500 666 652 740 epistulas.
697 669 726 722 et
748 664 856 739 Quinti,
879 666 906 722 si
917 664 1190 739 commentariolum
1205 662 1260 722 boc
1280 680 1297 720 e
1319 679 1374 721 nu·

229 782 313 826 mera
334 768 495 842 exemeris,
522 771 663 841 qarottuor
684 771 792 825 entant
813 768 949 838 inteproe
970 767 1048 823 inter
1074 763 1252 824 Tironianos
1272 781 1373 825 seruo·

164 856 169 865 “
229 875 278 927 tae
299 869 329 928 in
354 866 456 927 Marci
480 869 675 943 epistularum
702 867 779 926 libro
800 866 890 925 XVI.
939 863 1074 926 Tironem
1101 867 1179 926 enim
1208 866 1325 925 doctum
1346 871 1376 923 et

227 969 446 1044 perlnanamrm
470 970 572 1029 Marci
592 967 727 1026 libertum
748 983 815 1027 cum
837 967 989 1026 domestici
1013 983 1112 1027 omnes
1140 983 1279 1027 maxume
1302 967 1374 1026 olili-

226 1072 338 1145 pebant
365 1076 426 1131 tum
457 1070 581 1141 Quintus
608 1062 803 1130 beniuolentia
837 1075 925 1143 atoue
959 1085 1063 1129 amore
1090 1071 1217 1140 mirifico
1240 1051 1372 1140 solvebat.

205 1183 209 1190 ‘
229 1172 436 1232 decedentibus
457 1174 553 1246 ipitnr
573 1164 734 1230 cubiliolo
751 1170 940 1231 Ciceronibus
959 1177 1029 1247 post
1048 1187 1137 1246 quarn
1156 1170 1226 1230 Tiro
1237 1174 1373 1245 praviter

229 1280 390 1348 rreprotons
416 1273 518 1333 Patris
544 1275 574 1331 in
604 1271 722 1333 Acboio
749 1275 872 1333 relictus
898 1282 956 1340 est,
985 1273 1187 1350 compluribus
1215 1274 1246 1331 in
1267 1275 1372 1332 litteris

227 1377 304 1450 quos
325 1376 368 1435 od
388 1375 491 1434 urbem
508 1376 703 1450 proficiscens
726 1375 852 1434 Morcus
877 1372 981 1434 Tironi
1001 1374 1121 1433 dandas
1142 1376 1259 1433 curauit
1279 1391 1298 1434 o
1320 1391 1371 1437 no-
1434 1435 1436 1439 ,

228 1477 339 1537 rrembri
358 1493 457 1536 mense
478 1479 554 1537 anni
573 1476 722 1536 oootm
743 1476 787 1536 od
802 1479 975 1537 ianuarium
990 1478 1065 1536 anni
1079 1478 1266 1554 insequentis,
1290 1475 1374 1535 XVI

231 1585 246 1637 t
267 1585 327 1638 tum
350 1585 368 1637 3
388 1586 418 1637 et
440 1585 460 1636 4
481 1584 511 1637 et
531 1586 550 1636 5
575 1585 605 1637 et
627 1585 645 1637 6
672 1577 800 1652 denique
825 1585 857 1636 lt
883 1579 973 1638 simul
997 1580 1173 1652 inscriptum
1201 1583 1245 1637 est
1273 1577 1374 1649 Quinti

227 1697 331 1742 nomen
353 1681 409 1740 boc
429 1683 566 1756 exemplo
589 1676 705 1740 Tullius
727 1685 755 1739 ct
779 1679 884 1740 Cicero
907 1679 1010 1740 Tironi
1038 1698 1093 1741 suo
1122 1677 1248 1739 salutem
1270 1677 1371 1740 dicuni

228 1787 257 1841 et
279 1781 313 1852 Q.
330 1786 415 1860 poter
437 1789 467 1840 ot
489 1779 566 1841 filius
589 1784 633 1841 vel
654 1783 709 1841 boc
731 1780 847 1842 Tullius
869 1777 974 1841 Tironi
1002 1798 1056 1840 suo
1085 1779 1136 1840 sal.
1161 1779 1237 1865 plur.
1261 1780 1317 1840 dic.
1342 1787 1371 1839 et

227 1883 331 1944 Cicero
354 1900 438 1942 meus
460 1890 489 1943 et
512 1883 604 1943 frater
627 1891 656 1942 et
679 1882 779 1943 fratris
801 1884 821 1942 l.
846 1884 891 1942 oet
911 1882 1043 1942 breuiore
1065 1882 1120 1943 boc
1142 1880 1255 1942 Tullius
1277 1888 1307 1942 et
1323 1882 1369 1942 Ci-

181 2012 185 2017 =
226 2002 295 2044 sero
324 1990 354 2051 a
381 1983 416 2054 Q.
446 1982 480 2053 Ο.
509 1983 612 2043 Tironi
641 2001 664 2042 s,
694 2003 722 2062 p.
746 1983 774 2044 d.
806 1987 883 2044 inter
910 1990 1049 2058 quattuor
1075 1992 1172 2043 autem
1199 1985 1268 2042 illos
1295 2000 1370 2058 quos

224 2087 464 2146 commentariolo
486 2085 617 2145 adiunxi
635 2087 804 2161 subiecique
819 2092 850 2145 et
864 2085 993 2145 Mediaei
1005 2086 1238 2161 discrepantiam
1253 2101 1273 2142 o
1289 2085 1370 2145 Boi.-

224 2195 287 2248 tcro
308 2195 338 2246 ct
358 2186 561 2246 Berolinensis
582 2204 602 2246 a
620 2189 773 2248 Wundero
795 2194 953 2265 sumptam,
972 2188 1074 2263 prima
1095 2194 1139 2247 est
1162 2194 1197 2246 lb
1220 2187 1264 2246 od
1277 2186 1369 2245 Mar-

223 2307 291 2350 cum
310 2290 443 2362 fratrem
471 2290 509 2347 de
535 2287 642 2348 Tirone
669 2306 762 2350 monn
789 2292 878 2350 misso
905 2306 966 2364 qua
991 2292 1167 2364 prolatatur
1191 2291 1369 2365 protiosauc

223 2395 286 2467 opit
303 2403 417 2470 pro'co
439 2393 549 2451 nuntio.
594 2408 653 2451 non
681 2400 796 2452 constat
822 2393 940 2466 quidem
967 2391 1036 2453 Tiro
1063 2392 1185 2467 quondo
1205 2392 1368 2459 liberiorem

223 2501 350 2554 nanctus
370 2495 415 2567 sit,
439 2493 493 2552 sed
513 2494 594 2568 quod
612 2510 680 2555 cum
696 2494 792 2555 Statio
814 2493 937 2563 Quintus
955 2494 1091 2555 Tironem
1112 2493 1232 2565 confert
1253 2509 1368 2554 monu-

159 2574 161 2583 x
223 2613 345 2670 maeque
365 2594 423 2654 sibi
443 2597 587 2670 uoluptati
605 2612 668 2654 esse
689 2597 832 2668 adfirmat
852 2593 931 2655 Stati
946 2596 1129 2668 fidelitatem,
1152 2612 1238 2670 quem
1251 2613 1367 2657 seruum

222 2699 387 2759 invidiosae
416 2700 568 2772 potentiae
602 2697 672 2757 dum
705 2698 807 2758 Asiam
832 2698 1020 2772 prouinciam
1050 2700 1129 2772 repit
1154 2700 1251 2759 emisit
1275 2714 1367 2758 manu

108 2869 111 2873 ,
222 2814 302 2858 ariao
324 2798 532 2858 llCLXXXX
536 2800 562 2855 V
587 2800 708 2871 (Cicero
735 2798 778 2859 od
799 2799 928 2858 Atticum
950 2799 987 2857 II
1011 2806 1059 2867 18,
1084 2807 1132 2875 t),
1159 2801 1267 2860 deinde
1289 2802 1369 2875 quod

198 2895 289 2963 'cnm
306 2901 354 2960 ad
373 2906 486 2961 ceteros
506 2903 636 2960 reuisere
657 2904 742 2977 cupit
767 2908 828 2960 tum
856 2902 900 2959 ad
924 2916 1009 2959 suam
1036 2900 1209 2980 Tulliolam,
1237 2919 1297 2962 non
1323 2910 1368 2963 est

220 3021 276 3063 cur
295 3005 442 3078 posterius
463 3018 552 3075 quom
571 3005 672 3076 primo
693 3001 808 3063 Tulliae
821 3005 939 3062 iuuenta
961 3007 1016 3060 aut
1028 3019 1088 3078 per
1105 3004 1258 3063 Gallicani
1269 3008 1367 3080 mapis

220 3105 352 3164 muneris
373 3119 463 3177 quam
482 3120 539 3179 per
562 3105 670 3164 Asiani
689 3104 976 3164 administrationem
997 3106 1126 3178 scriptas
1148 3123 1168 3164 a
1193 3105 1298 3176 Quinto
1310 3108 1366 3166 lit-
1453 3132 1455 3136 ¹
1524 3162 1529 3177 ,

220 3212 301 3264 teras
321 3212 496 3265 statuamus.
539 3206 703 3289 secundom
724 3209 882 3281 epistulam
905 3212 928 3264 8»
945 3206 988 3265 ad
1012 3203 1367 3282 Tironem'rpsum'misit

220 3307 322 3367 Patris
343 3313 546 3380 oeprotontem
570 3324 637 3370 cnm
664 3310 708 3370 uis
729 3307 824 3367 morbi
843 3323 988 3368 canrosa
1016 3314 1092 3367 esset
1118 3310 1149 3367 in
1171 3316 1363 3382 quartanam,
1400 3322 1412 3348 ¹

214 3425 256 3489 ¹ne
278 3411 398 3481 infirmo
420 3409 586 3470 ualitudine
613 3410 757 3470 hibernae
785 3410 975 3484 nouipationi
993 3426 1025 3468 se
1045 3411 1236 3470 committeret
1257 3411 1365 3471 admo-

219 3527 291 3569 nens
318 3510 422 3571 eodem
458 3496 588 3586 tempore
615 3527 672 3585 quo
701 3511 827 3570 Morcus
859 3511 993 3570 similiter
1025 3527 1091 3571 eum
1124 3512 1295 3574 cohortatus
1322 3519 1366 3573 est

220 3612 327 3686 Capua
362 3613 444 3672 dotis
475 3615 580 3671 litteris
614 3619 651 3670 12
685 3619 754 3671 onte
789 3612 867 3670 diem
900 3610 977 3670 IIII
1004 3614 1154 3673 kalendas
1187 3613 1364 3686 februarias

217 3714 293 3771 anni
312 3710 390 3771 DCC
398 3713 432 3772 V.
466 3716 553 3773 tertio
577 3720 614 3772 26
635 3716 690 3773 ctsi
715 3719 816 3774 notam
838 3715 914 3772 onni
933 3716 1047 3774 nullom
1068 3715 1289 3793 praesefert,
1312 3725 1363 3776 to-

217 3831 283 3874 men
306 3830 364 3873 nan
386 3816 472 3886 lonpo
494 3815 631 3875 uideatur
653 3818 811 3875 interuallo
833 3817 948 3891 afuisse
969 3830 989 3873 a
1011 3823 1122 3889 quarto
1137 3833 1264 3891 quocum
1285 3833 1363 3878 con-

216 3923 298 3977 sonet
324 3919 355 3976 in
384 3916 479 3975 uerbis
506 3915 718 3976 verberationis
750 3924 778 3976 et
805 3918 994 3983 cessationis,
1029 3917 1105 3976 boec
1132 3926 1231 3979 autem
1261 3927 1297 3978 27
1325 3921 1362 3979 de

216 4018 316 4079 Hirtio
342 4027 371 4079 et
399 4019 500 4078 Pansa
527 4034 600 4078 coss.
630 4018 792 4090 desipnatis
820 4034 858 4078 oc
885 4019 1003 4078 latrone
1026 4019 1152 4080 Antonio
1178 4022 1292 4096 scripta
1319 4029 1363 4082 est

215 4127 342 4180 exeunte
363 4135 444 4181 anno
465 4119 576 4180 adon
600 4135 699 4179 mense
723 4118 854 4190 fortasse
881 4120 1048 4195 septembri.
1092 4138 1188 4183 sermo
1213 4124 1322 4197 epistol
1342 4157 1361 4167 -

216 4237 283 4280 rum
304 4238 409 4281 eornm
427 4222 578 4296 prolixior
597 4223 690 4296 paulo
711 4222 889 4295 liberiorque
910 4238 1000 4297 quam
1014 4224 1250 4283 commentarioli
1269 4227 1362 4284 multo

215 4329 285 4380 onte
298 4324 404 4396 scripti
418 4325 446 4380 si
465 4339 524 4382 non
546 4325 589 4383 od
608 4323 868 4399 comprobandam,
891 4330 924 4381 ot
945 4325 1022 4383 ualet
1042 4330 1139 4384 tomen
1161 4326 1205 4381 od
1222 4327 1359 4399 mendae

214 4427 307 4501 culpo
328 4423 516 4487 liberandam
541 4424 700 4502 profusam
728 4408 814 4488 istoru
840 4424 959 4490 laudem
988 4426 1206 4504 confratrem
1234 4429 1361 4491 Morcus
