<?xml version="1.0" encoding="UTF-8"?>
<!DOCTYPE html PUBLIC "-//W3C//DTD XHTML 1.0 Transitional//EN"
    "http://www.w3.org/TR/xhtml1/DTD/xhtml1-transitional.dtd">
<html xmlns="http://www.w3.org/1999/xhtml" xml:lang="en" lang="en">
 <head>
  <title>
</title>
<meta http-equiv="Content-Type" content="text/html;charset=utf-8" />
  <meta name='ocr-system' content='tesseract 3.04.00' />
  <meta name='ocr-capabilities' content='ocr_page ocr_carea ocr_par ocr_line ocrx_word'/>
</head>
<body>
  <div class='ocr_page' id='page_1' title='image "./quinticiceronis01buecgoog_0023.png"; bbox 0 0 3304 5206; ppageno 0'>
   <div class='ocr_carea' id='block_1_1' title="bbox 294 418 334 483">
    <p class='ocr_par' dir='ltr' id='par_1_1' title="bbox 294 418 334 483">
     <span class='ocr_line' id='line_1_1' title="bbox 294 418 334 483; baseline 0.05 -2"><span class='ocrx_word' id='word_1_1' title='bbox 294 418 334 483; x_wconf 87' lang='grc'><strong>16</strong></span> 
     </span>
    </p>
   </div>
   <div class='ocr_carea' id='block_1_2' title="bbox 289 588 1441 1687">
    <p class='ocr_par' dir='ltr' id='par_1_2' title="bbox 290 588 1440 1177">
     <span class='ocr_line' id='line_1_2' title="bbox 292 588 1437 671; baseline 0.003 -21"><span class='ocrx_word' id='word_1_2' title='bbox 292 589 499 670; x_wconf 76' lang='lat' dir='ltr'><strong>perfamiliaris</strong></span> <span class='ocrx_word' id='word_1_3' title='bbox 526 588 660 652; x_wconf 76' lang='lat' dir='ltr'><strong>Philisto,</strong></span> <span class='ocrx_word' id='word_1_4' title='bbox 698 592 750 652; x_wconf 92' lang='lat' dir='ltr'><strong>sed</strong></span> <span class='ocrx_word' id='word_1_5' title='bbox 780 591 860 671; x_wconf 88' lang='lat' dir='ltr'><strong>quod</strong></span> <span class='ocrx_word' id='word_1_6' title='bbox 884 606 917 651; x_wconf 86' lang='lat' dir='ltr'><strong>ea</strong></span> <span class='ocrx_word' id='word_1_7' title='bbox 943 591 1050 653; x_wconf 90' lang='lat' dir='ltr'><strong>scribis</strong></span> <span class='ocrx_word' id='word_1_8' title='bbox 1073 591 1119 670; x_wconf 89' lang='lat' dir='ltr'><strong>(in</strong></span> <span class='ocrx_word' id='word_1_9' title='bbox 1142 592 1276 652; x_wconf 82' lang='lat' dir='ltr'><strong>Medicco</strong></span> <span class='ocrx_word' id='word_1_10' title='bbox 1297 609 1355 669; x_wconf 92' lang='lat' dir='ltr'><strong>quo</strong></span> <span class='ocrx_word' id='word_1_11' title='bbox 1386 591 1437 653; x_wconf 89' lang='lat' dir='ltr'><strong>ad·</strong></span> 
     </span>
     <span class='ocr_line' id='line_1_3' title="bbox 291 691 1439 772; baseline 0.002 -21"><span class='ocrx_word' id='word_1_12' title='bbox 291 692 411 763; x_wconf 66' lang='lat' dir='ltr'><strong>scribis</strong></span> <span class='ocrx_word' id='word_1_13' title='bbox 441 696 525 768; x_wconf 77' lang='lat' dir='ltr'><strong>ccipe</strong></span> <span class='ocrx_word' id='word_1_14' title='bbox 553 691 633 772; x_wconf 88' lang='lat' dir='ltr'><strong>quod</strong></span> <span class='ocrx_word' id='word_1_15' title='bbox 657 691 802 753; x_wconf 73' lang='lat' dir='ltr'><strong>adscribis</strong></span> <span class='ocrx_word' id='word_1_16' title='bbox 826 691 950 772; x_wconf 81' lang='lat' dir='ltr'><strong>lepitur)</strong></span> <span class='ocrx_word' id='word_1_17' title='bbox 973 693 1185 772; x_wconf 79' lang='lat' dir='ltr'><strong>adgrederisne</strong></span> <span class='ocrx_word' id='word_1_18' title='bbox 1209 693 1244 754; x_wconf 89' lang='lat' dir='ltr'><strong>ad</strong></span> <span class='ocrx_word' id='word_1_19' title='bbox 1267 692 1439 755; x_wconf 71' lang='lat' dir='ltr'><strong>historiam?</strong></span> 
     </span>
     <span class='ocr_line' id='line_1_4' title="bbox 294 793 1440 874; baseline 0 -20"><span class='ocrx_word' id='word_1_20' title='bbox 294 813 341 855; x_wconf 89' lang='lat' dir='ltr'><strong>me</strong></span> <span class='ocrx_word' id='word_1_21' title='bbox 365 801 485 854; x_wconf 89' lang='lat' dir='ltr'><strong>auctore</strong></span> <span class='ocrx_word' id='word_1_22' title='bbox 508 802 608 874; x_wconf 90' lang='lat' dir='ltr'><strong>potes,</strong></span> <span class='ocrx_word' id='word_1_23' title='bbox 638 802 667 854; x_wconf 91' lang='lat' dir='ltr'><strong>et</strong></span> <span class='ocrx_word' id='word_1_24' title='bbox 695 796 834 873; x_wconf 89' lang='lat' dir='ltr'><strong>quoniam</strong></span> <span class='ocrx_word' id='word_1_25' title='bbox 859 793 1029 856; x_wconf 86' lang='lat' dir='ltr'><strong>tabellarios</strong></span> <span class='ocrx_word' id='word_1_26' title='bbox 1052 793 1273 865; x_wconf 85' lang='lat' dir='ltr'><strong>subministras,</strong></span> <span class='ocrx_word' id='word_1_27' title='bbox 1304 793 1440 855; x_wconf 86' lang='lat' dir='ltr'><strong>hodierni</strong></span> 
     </span>
     <span class='ocr_line' id='line_1_5' title="bbox 292 895 1440 976; baseline 0.002 -21"><span class='ocrx_word' id='word_1_28' title='bbox 292 896 350 955; x_wconf 92' lang='lat' dir='ltr'><strong>diei</strong></span> <span class='ocrx_word' id='word_1_29' title='bbox 373 914 422 956; x_wconf 87' lang='lat' dir='ltr'><strong>res</strong></span> <span class='ocrx_word' id='word_1_30' title='bbox 444 903 542 974; x_wconf 82' lang='lat' dir='ltr'><strong>gestas</strong></span> <span class='ocrx_word' id='word_1_31' title='bbox 558 895 771 976; x_wconf 84' lang='lat' dir='ltr'><strong>Lupercalibus</strong></span> <span class='ocrx_word' id='word_1_32' title='bbox 786 896 919 957; x_wconf 88' lang='lat' dir='ltr'><strong>habebis.</strong></span> <span class='ocrx_word' id='word_1_33' title='bbox 957 896 1076 971; x_wconf 81' lang='lat' dir='ltr'><strong>inferna</strong></span> <span class='ocrx_word' id='word_1_34' title='bbox 1098 898 1174 957; x_wconf 85' lang='lat' dir='ltr'><strong>baec</strong></span> <span class='ocrx_word' id='word_1_35' title='bbox 1189 896 1315 958; x_wconf 82' lang='lat' dir='ltr'><strong>Marcus</strong></span> <span class='ocrx_word' id='word_1_36' title='bbox 1333 898 1440 970; x_wconf 83' lang='lat' dir='ltr'><strong>festiue</strong></span> 
     </span>
     <span class='ocr_line' id='line_1_6' title="bbox 290 998 1440 1075; baseline -0.001 -16"><span class='ocrx_word' id='word_1_37' title='bbox 290 1001 334 1059; x_wconf 84' lang='lat' dir='ltr'><strong>ita</strong></span> <span class='ocrx_word' id='word_1_38' title='bbox 357 998 436 1058; x_wconf 74' lang='lat' dir='ltr'><strong>discit</strong></span> <span class='ocrx_word' id='word_1_39' title='bbox 455 1001 545 1074; x_wconf 81' lang='lat' dir='ltr'><strong>qnasi</strong></span> <span class='ocrx_word' id='word_1_40' title='bbox 563 1001 653 1059; x_wconf 87' lang='lat' dir='ltr'><strong>etiam</strong></span> <span class='ocrx_word' id='word_1_41' title='bbox 675 1001 741 1060; x_wconf 86' lang='lat' dir='ltr'><strong>ilios</strong></span> <span class='ocrx_word' id='word_1_42' title='bbox 762 1000 826 1060; x_wconf 83' lang='lat' dir='ltr'><strong>dies</strong></span> <span class='ocrx_word' id='word_1_43' title='bbox 847 1001 929 1075; x_wconf 85' lang='lat' dir='ltr'><strong>ipsos</strong></span> <span class='ocrx_word' id='word_1_44' title='bbox 951 999 1091 1071; x_wconf 79' lang='lat' dir='ltr'><strong>Quintum</strong></span> <span class='ocrx_word' id='word_1_45' title='bbox 1112 1002 1185 1060; x_wconf 83' lang='lat' dir='ltr'><strong>nette</strong></span> <span class='ocrx_word' id='word_1_46' title='bbox 1206 1000 1347 1060; x_wconf 78' lang='lat' dir='ltr'><strong>historiae</strong></span> <span class='ocrx_word' id='word_1_47' title='bbox 1367 1015 1440 1059; x_wconf 89' lang='lat' dir='ltr'><strong>snae</strong></span> 
     </span>
     <span class='ocr_line' id='line_1_7' title="bbox 290 1100 706 1177; baseline 0.007 -19"><span class='ocrx_word' id='word_1_48' title='bbox 290 1100 400 1160; x_wconf 74' lang='lat' dir='ltr'><strong>arabem</strong></span> <span class='ocrx_word' id='word_1_49' title='bbox 422 1102 556 1161; x_wconf 79' lang='lat' dir='ltr'><strong>intexere</strong></span> <span class='ocrx_word' id='word_1_50' title='bbox 575 1107 706 1177; x_wconf 83' lang='lat' dir='ltr'><strong>pataret.</strong></span> 
     </span>
    </p>

    <p class='ocr_par' dir='ltr' id='par_1_3' title="bbox 289 1202 1441 1687">
     <span class='ocr_line' id='line_1_8' title="bbox 383 1202 1438 1278; baseline 0.001 -17"><span class='ocrx_word' id='word_1_51' title='bbox 383 1203 612 1278; x_wconf 81' lang='lat' dir='ltr'><strong>Vtramcnmqnc</strong></span> <span class='ocrx_word' id='word_1_52' title='bbox 634 1204 671 1263; x_wconf 85' lang='lat' dir='ltr'><strong>de</strong></span> <span class='ocrx_word' id='word_1_53' title='bbox 694 1202 794 1274; x_wconf 75' lang='lat' dir='ltr'><strong>Quinti</strong></span> <span class='ocrx_word' id='word_1_54' title='bbox 816 1202 920 1275; x_wconf 78' lang='lat' dir='ltr'><strong>forma</strong></span> <span class='ocrx_word' id='word_1_55' title='bbox 947 1205 1103 1264; x_wconf 84' lang='lat' dir='ltr'><strong>annalium</strong></span> <span class='ocrx_word' id='word_1_56' title='bbox 1130 1205 1305 1263; x_wconf 87' lang='lat' dir='ltr'><strong>sententiam</strong></span> <span class='ocrx_word' id='word_1_57' title='bbox 1327 1205 1438 1273; x_wconf 84' lang='lat' dir='ltr'><strong>tuteris,</strong></span> 
     </span>
     <span class='ocr_line' id='line_1_9' title="bbox 290 1290 1439 1381; baseline 0 -19"><span class='ocrx_word' id='word_1_58' title='bbox 290 1312 371 1364; x_wconf 91' lang='lat' dir='ltr'><strong>certe</strong></span> <span class='ocrx_word' id='word_1_59' title='bbox 401 1320 459 1364; x_wconf 89' lang='lat' dir='ltr'><strong>non</strong></span> <span class='ocrx_word' id='word_1_60' title='bbox 492 1294 682 1381; x_wconf 72' lang='lat' dir='ltr'><strong>inexperiens</strong></span> <span class='ocrx_word' id='word_1_61' title='bbox 710 1306 806 1364; x_wconf 84' lang='lat' dir='ltr'><strong>omisit</strong></span> <span class='ocrx_word' id='word_1_62' title='bbox 831 1307 950 1380; x_wconf 79' lang='lat' dir='ltr'><strong>epicam</strong></span> <span class='ocrx_word' id='word_1_63' title='bbox 969 1308 1082 1380; x_wconf 86' lang='lat' dir='ltr'><strong>poesin.</strong></span> <span class='ocrx_word' id='word_1_64' title='bbox 1127 1322 1232 1380; x_wconf 87' lang='lat' dir='ltr'><strong>nempe</strong></span> <span class='ocrx_word' id='word_1_65' title='bbox 1254 1290 1439 1365; x_wconf 85' lang='lat' dir='ltr'><strong>Britannica</strong></span> 
     </span>
     <span class='ocr_line' id='line_1_10' title="bbox 292 1406 1441 1483; baseline 0.003 -19"><span class='ocrx_word' id='word_1_66' title='bbox 292 1406 431 1465; x_wconf 79' lang='lat' dir='ltr'><strong>Caesaris</strong></span> <span class='ocrx_word' id='word_1_67' title='bbox 451 1408 604 1482; x_wconf 79' lang='lat' dir='ltr'><strong>expeditio</strong></span> <span class='ocrx_word' id='word_1_68' title='bbox 625 1422 706 1466; x_wconf 89' lang='lat' dir='ltr'><strong>anno</strong></span> <span class='ocrx_word' id='word_1_69' title='bbox 723 1406 805 1466; x_wconf 79' lang='lat' dir='ltr'><strong>DCC</strong></span> <span class='ocrx_word' id='word_1_70' title='bbox 826 1406 981 1466; x_wconf 80' lang='lat' dir='ltr'><strong>Cicerones</strong></span> <span class='ocrx_word' id='word_1_71' title='bbox 1002 1407 1103 1468; x_wconf 89' lang='lat' dir='ltr'><strong>ambos</strong></span> <span class='ocrx_word' id='word_1_72' title='bbox 1123 1407 1286 1483; x_wconf 83' lang='lat' dir='ltr'><strong>cupiditate</strong></span> <span class='ocrx_word' id='word_1_73' title='bbox 1308 1409 1441 1475; x_wconf 75' lang='lat' dir='ltr'><strong>incitabit</strong></span> 
     </span>
     <span class='ocr_line' id='line_1_11' title="bbox 290 1508 1438 1597; baseline 0.002 -32"><span class='ocrx_word' id='word_1_74' title='bbox 290 1509 422 1568; x_wconf 83' lang='lat' dir='ltr'><strong>canendi</strong></span> <span class='ocrx_word' id='word_1_75' title='bbox 441 1510 629 1583; x_wconf 81' lang='lat' dir='ltr'><strong>imperatoris</strong></span> <span class='ocrx_word' id='word_1_76' title='bbox 650 1509 708 1568; x_wconf 86' lang='lat' dir='ltr'><strong>sibi</strong></span> <span class='ocrx_word' id='word_1_77' title='bbox 726 1515 786 1568; x_wconf 86' lang='lat' dir='ltr'><strong>tam</strong></span> <span class='ocrx_word' id='word_1_78' title='bbox 809 1508 898 1597; x_wconf 75' lang='lat' dir='ltr'><strong>vaide</strong></span> <span class='ocrx_word' id='word_1_79' title='bbox 920 1512 1020 1569; x_wconf 87' lang='lat' dir='ltr'><strong>amici.</strong></span> <span class='ocrx_word' id='word_1_80' title='bbox 1064 1525 1124 1584; x_wconf 79' lang='lat' dir='ltr'><strong>qna</strong></span> <span class='ocrx_word' id='word_1_81' title='bbox 1145 1509 1183 1567; x_wconf 85' lang='lat' dir='ltr'><strong>de</strong></span> <span class='ocrx_word' id='word_1_82' title='bbox 1203 1511 1386 1569; x_wconf 84' lang='lat' dir='ltr'><strong>contentione</strong></span> <span class='ocrx_word' id='word_1_83' title='bbox 1407 1511 1438 1568; x_wconf 91' lang='lat' dir='ltr'><strong>in</strong></span> 
     </span>
     <span class='ocr_line' id='line_1_12' title="bbox 289 1609 1439 1687; baseline 0.002 -19"><span class='ocrx_word' id='word_1_84' title='bbox 289 1609 395 1670; x_wconf 87' lang='lat' dir='ltr'><strong>Marci</strong></span> <span class='ocrx_word' id='word_1_85' title='bbox 414 1610 458 1669; x_wconf 83' lang='lat' dir='ltr'><strong>ad</strong></span> <span class='ocrx_word' id='word_1_86' title='bbox 480 1610 617 1682; x_wconf 77' lang='lat' dir='ltr'><strong>Quintam</strong></span> <span class='ocrx_word' id='word_1_87' title='bbox 638 1612 772 1687; x_wconf 85' lang='lat' dir='ltr'><strong>epistulis</strong></span> <span class='ocrx_word' id='word_1_88' title='bbox 794 1612 869 1671; x_wconf 84' lang='lat' dir='ltr'><strong>baec</strong></span> <span class='ocrx_word' id='word_1_89' title='bbox 891 1611 1054 1671; x_wconf 81' lang='lat' dir='ltr'><strong>traduntur</strong></span> <span class='ocrx_word' id='word_1_90' title='bbox 1076 1611 1116 1670; x_wconf 92' lang='lat' dir='ltr'><strong>II</strong></span> <span class='ocrx_word' id='word_1_91' title='bbox 1136 1617 1180 1679; x_wconf 78' lang='lat' dir='ltr'><strong>ta,</strong></span> <span class='ocrx_word' id='word_1_92' title='bbox 1198 1617 1216 1668; x_wconf 85' lang='lat'><em>2</em></span> <span class='ocrx_word' id='word_1_93' title='bbox 1237 1627 1335 1671; x_wconf 88' lang='lat' dir='ltr'><strong>mense</strong></span> <span class='ocrx_word' id='word_1_94' title='bbox 1356 1613 1439 1670; x_wconf 85' lang='lat' dir='ltr'><strong>iunio</strong></span> 
     </span>
    </p>
   </div>
   <div class='ocr_carea' id='block_1_3' title="bbox 290 1710 1516 1801">
    <p class='ocr_par' dir='ltr' id='par_1_4' title="bbox 290 1710 1516 1801">
     <span class='ocr_line' id='line_1_13' title="bbox 290 1710 1516 1801; baseline 0.002 -31"><span class='ocrx_word' id='word_1_95' title='bbox 290 1712 432 1793; x_wconf 90' lang='lat' dir='ltr'><strong>quoniam</strong></span> <span class='ocrx_word' id='word_1_96' title='bbox 455 1712 485 1771; x_wconf 93' lang='lat' dir='ltr'><strong>in</strong></span> <span class='ocrx_word' id='word_1_97' title='bbox 507 1713 565 1772; x_wconf 88' lang='lat' dir='ltr'><strong>isto</strong></span> <span class='ocrx_word' id='word_1_98' title='bbox 588 1711 708 1772; x_wconf 88' lang='lat' dir='ltr'><strong>homine</strong></span> <span class='ocrx_word' id='word_1_99' title='bbox 730 1710 855 1774; x_wconf 86' lang='lat' dir='ltr'><strong>colendo</strong></span> <span class='ocrx_word' id='word_1_100' title='bbox 879 1719 937 1773; x_wconf 89' lang='lat' dir='ltr'><strong>tarn</strong></span> <span class='ocrx_word' id='word_1_101' title='bbox 960 1711 1119 1772; x_wconf 81' lang='lat' dir='ltr'><strong>indormivi</strong></span> <span class='ocrx_word' id='word_1_102' title='bbox 1142 1710 1193 1772; x_wconf 88' lang='lat' dir='ltr'><strong>diu</strong></span> <span class='ocrx_word' id='word_1_103' title='bbox 1216 1719 1246 1771; x_wconf 87' lang='lat' dir='ltr'><strong>te</strong></span> <span class='ocrx_word' id='word_1_104' title='bbox 1269 1710 1438 1772; x_wconf 87' lang='lat' dir='ltr'><strong>mehercule</strong></span> <span class='ocrx_word' id='word_1_105' title='bbox 1512 1788 1516 1801; x_wconf 25' lang='grc' dir='ltr'>ι</span> 
     </span>
    </p>
   </div>
   <div class='ocr_carea' id='block_1_4' title="bbox 290 1813 1438 1995">
    <p class='ocr_par' dir='ltr' id='par_1_5' title="bbox 290 1813 1438 1995">
     <span class='ocr_line' id='line_1_14' title="bbox 291 1813 1438 1892; baseline 0.001 -20"><span class='ocrx_word' id='word_1_106' title='bbox 291 1831 380 1892; x_wconf 87' lang='lat' dir='ltr'><strong>saepe</strong></span> <span class='ocrx_word' id='word_1_107' title='bbox 404 1815 564 1884; x_wconf 78' lang='lat' dir='ltr'><strong>excitante,</strong></span> <span class='ocrx_word' id='word_1_108' title='bbox 596 1832 685 1875; x_wconf 89' lang='lat' dir='ltr'><strong>cursu</strong></span> <span class='ocrx_word' id='word_1_109' title='bbox 713 1816 859 1891; x_wconf 84' lang='lat' dir='ltr'><strong>corrigam</strong></span> <span class='ocrx_word' id='word_1_110' title='bbox 890 1813 1055 1874; x_wconf 88' lang='lat' dir='ltr'><strong>tarditatem</strong></span> <span class='ocrx_word' id='word_1_111' title='bbox 1086 1832 1152 1874; x_wconf 91' lang='lat' dir='ltr'><strong>cum</strong></span> <span class='ocrx_word' id='word_1_112' title='bbox 1176 1815 1260 1891; x_wconf 91' lang='lat' dir='ltr'><strong>equis</strong></span> <span class='ocrx_word' id='word_1_113' title='bbox 1283 1825 1344 1875; x_wconf 88' lang='lat' dir='ltr'><strong>turn</strong></span> <span class='ocrx_word' id='word_1_114' title='bbox 1368 1830 1438 1873; x_wconf 91' lang='lat' dir='ltr'><strong>vero</strong></span> 
     </span>
     <span class='ocr_line' id='line_1_15' title="bbox 290 1914 1438 1995; baseline 0.001 -21"><span class='ocrx_word' id='word_1_115' title='bbox 290 1914 441 1994; x_wconf 84' lang='lat' dir='ltr'><strong>quadrigis</strong></span> <span class='ocrx_word' id='word_1_116' title='bbox 464 1917 602 1995; x_wconf 88' lang='lat' dir='ltr'><strong>poeticis:</strong></span> <span class='ocrx_word' id='word_1_117' title='bbox 627 1914 811 1976; x_wconf 77' lang='lat' dir='ltr'><strong>modo&#39;mihi</strong></span> <span class='ocrx_word' id='word_1_118' title='bbox 835 1915 902 1976; x_wconf 89' lang='lat' dir='ltr'><strong>dale</strong></span> <span class='ocrx_word' id='word_1_119' title='bbox 926 1915 1107 1976; x_wconf 76' lang='lat' dir='ltr'><strong>Britanniam</strong></span> <span class='ocrx_word' id='word_1_120' title='bbox 1132 1933 1219 1994; x_wconf 89' lang='lat' dir='ltr'><strong>quam</strong></span> <span class='ocrx_word' id='word_1_121' title='bbox 1243 1916 1363 1994; x_wconf 85' lang='lat' dir='ltr'><strong>pingam</strong></span> <span class='ocrx_word' id='word_1_122' title='bbox 1387 1934 1438 1976; x_wconf 90' lang='lat' dir='ltr'><strong>co·</strong></span> 
     </span>
    </p>
   </div>
   <div class='ocr_carea' id='block_1_5' title="bbox 186 2010 1438 2101">
    <p class='ocr_par' dir='ltr' id='par_1_6' title="bbox 186 2010 1438 2101">
     <span class='ocr_line' id='line_1_16' title="bbox 186 2010 1438 2101; baseline 0.001 -26"><span class='ocrx_word' id='word_1_123' title='bbox 186 2092 190 2101; x_wconf 27' lang='grc'><em>.</em></span> <span class='ocrx_word' id='word_1_124' title='bbox 288 2016 403 2089; x_wconf 88' lang='lat' dir='ltr'><strong>loribus</strong></span> <span class='ocrx_word' id='word_1_125' title='bbox 427 2019 485 2077; x_wconf 90' lang='lat' dir='ltr'><strong>tuis</strong></span> <span class='ocrx_word' id='word_1_126' title='bbox 507 2016 646 2096; x_wconf 90' lang='lat' dir='ltr'><strong>penicillo</strong></span> <span class='ocrx_word' id='word_1_127' title='bbox 670 2036 745 2077; x_wconf 90' lang='lat' dir='ltr'><strong>meo.</strong></span> <span class='ocrx_word' id='word_1_128' title='bbox 786 2025 831 2086; x_wconf 81' lang='lat'><strong>15,</strong></span> <span class='ocrx_word' id='word_1_129' title='bbox 850 2026 869 2076; x_wconf 83' lang='grc'><em>4</em></span> <span class='ocrx_word' id='word_1_130' title='bbox 891 2035 989 2077; x_wconf 89' lang='lat' dir='ltr'><strong>mense</strong></span> <span class='ocrx_word' id='word_1_131' title='bbox 1010 2021 1112 2078; x_wconf 77' lang='lat' dir='ltr'><strong>sectili</strong></span> <span class='ocrx_word' id='word_1_132' title='bbox 1133 2024 1160 2078; x_wconf 92' lang='lat' dir='ltr'><strong>te</strong></span> <span class='ocrx_word' id='word_1_133' title='bbox 1182 2010 1350 2078; x_wconf 77' lang='grc' dir='ltr'><strong><em>ὑπόθεσιν</em></strong></span> <span class='ocrx_word' id='word_1_134' title='bbox 1365 2018 1438 2077; x_wconf 89' lang='lat' dir='ltr'><strong>scri-</strong></span> 
     </span>
    </p>
   </div>
   <div class='ocr_carea' id='block_1_6' title="bbox 289 2117 1437 2301">
    <p class='ocr_par' dir='ltr' id='par_1_7' title="bbox 289 2117 1437 2301">
     <span class='ocr_line' id='line_1_17' title="bbox 289 2117 1437 2198; baseline 0 -20"><span class='ocrx_word' id='word_1_135' title='bbox 289 2117 380 2178; x_wconf 89' lang='lat' dir='ltr'><strong>bendi</strong></span> <span class='ocrx_word' id='word_1_136' title='bbox 403 2121 551 2198; x_wconf 87' lang='lat' dir='ltr'><strong>egregiam</strong></span> <span class='ocrx_word' id='word_1_137' title='bbox 576 2118 686 2180; x_wconf 87' lang='lat' dir='ltr'><strong>habere</strong></span> <span class='ocrx_word' id='word_1_138' title='bbox 708 2118 809 2179; x_wconf 89' lang='lat' dir='ltr'><strong>video:</strong></span> <span class='ocrx_word' id='word_1_139' title='bbox 834 2135 907 2195; x_wconf 91' lang='lat' dir='ltr'><strong>quos</strong></span> <span class='ocrx_word' id='word_1_140' title='bbox 929 2126 961 2179; x_wconf 89' lang='lat' dir='ltr'><strong>tu</strong></span> <span class='ocrx_word' id='word_1_141' title='bbox 984 2120 1073 2186; x_wconf 90' lang='lat' dir='ltr'><strong>situs,</strong></span> <span class='ocrx_word' id='word_1_142' title='bbox 1097 2138 1171 2198; x_wconf 86' lang='lat' dir='ltr'><strong>quas</strong></span> <span class='ocrx_word' id='word_1_143' title='bbox 1194 2128 1314 2179; x_wconf 91' lang='lat' dir='ltr'><strong>naturas</strong></span> <span class='ocrx_word' id='word_1_144' title='bbox 1335 2136 1437 2180; x_wconf 89' lang='lat' dir='ltr'><strong>rerum</strong></span> 
     </span>
     <span class='ocr_line' id='line_1_18' title="bbox 290 2206 1437 2301; baseline 0.002 -23"><span class='ocrx_word' id='word_1_145' title='bbox 290 2228 320 2279; x_wconf 93' lang='lat' dir='ltr'><strong>et</strong></span> <span class='ocrx_word' id='word_1_146' title='bbox 341 2218 490 2290; x_wconf 88' lang='lat' dir='ltr'><strong>locorum,</strong></span> <span class='ocrx_word' id='word_1_147' title='bbox 520 2206 594 2301; x_wconf 88' lang='lat' dir='ltr'><strong>quos</strong></span> <span class='ocrx_word' id='word_1_148' title='bbox 618 2239 732 2289; x_wconf 85' lang='lat' dir='ltr'><strong>mores,</strong></span> <span class='ocrx_word' id='word_1_149' title='bbox 760 2239 832 2299; x_wconf 86' lang='lat' dir='ltr'><strong>quas</strong></span> <span class='ocrx_word' id='word_1_150' title='bbox 855 2221 965 2298; x_wconf 90' lang='lat' dir='ltr'><strong>gentis,</strong></span> <span class='ocrx_word' id='word_1_151' title='bbox 995 2239 1068 2300; x_wconf 87' lang='lat' dir='ltr'><strong>quas</strong></span> <span class='ocrx_word' id='word_1_152' title='bbox 1090 2239 1221 2301; x_wconf 91' lang='lat' dir='ltr'><strong>pugnas,</strong></span> <span class='ocrx_word' id='word_1_153' title='bbox 1251 2239 1338 2300; x_wconf 90' lang='lat' dir='ltr'><strong>quem</strong></span> <span class='ocrx_word' id='word_1_154' title='bbox 1368 2238 1437 2280; x_wconf 89' lang='lat' dir='ltr'><strong>vero</strong></span> 
     </span>
    </p>
   </div>
   <div class='ocr_carea' id='block_1_7' title="bbox 189 2320 1438 2412">
    <p class='ocr_par' dir='ltr' id='par_1_8' title="bbox 189 2320 1438 2412">
     <span class='ocr_line' id='line_1_19' title="bbox 189 2320 1438 2412; baseline -0.001 -31"><span class='ocrx_word' id='word_1_155' title='bbox 189 2383 192 2389; x_wconf 74' lang='grc'>,</span> <span class='ocrx_word' id='word_1_156' title='bbox 288 2323 384 2400; x_wconf 91' lang='lat' dir='ltr'><strong>ipsum</strong></span> <span class='ocrx_word' id='word_1_157' title='bbox 408 2323 619 2412; x_wconf 80' lang='lat' dir='ltr'><strong>imperatorem</strong></span> <span class='ocrx_word' id='word_1_158' title='bbox 643 2321 747 2383; x_wconf 91' lang='lat' dir='ltr'><strong>habes:</strong></span> <span class='ocrx_word' id='word_1_159' title='bbox 773 2340 828 2400; x_wconf 91' lang='lat' dir='ltr'><strong>ego</strong></span> <span class='ocrx_word' id='word_1_160' title='bbox 851 2331 880 2382; x_wconf 89' lang='lat' dir='ltr'><strong>to</strong></span> <span class='ocrx_word' id='word_1_161' title='bbox 904 2321 1031 2382; x_wconf 82' lang='lat' dir='ltr'><strong>libenter</strong></span> <span class='ocrx_word' id='word_1_162' title='bbox 1051 2330 1084 2383; x_wconf 91' lang='lat' dir='ltr'><strong>ut</strong></span> <span class='ocrx_word' id='word_1_163' title='bbox 1101 2339 1197 2400; x_wconf 88' lang='lat' dir='ltr'><strong>rogas,</strong></span> <span class='ocrx_word' id='word_1_164' title='bbox 1222 2320 1332 2400; x_wconf 90' lang='lat' dir='ltr'><strong>quibus</strong></span> <span class='ocrx_word' id='word_1_165' title='bbox 1348 2321 1438 2381; x_wconf 91' lang='lat' dir='ltr'><strong>rebus</strong></span> 
     </span>
    </p>
   </div>
   <div class='ocr_carea' id='block_1_8' title="bbox 289 2417 1438 2806">
    <p class='ocr_par' dir='ltr' id='par_1_9' title="bbox 289 2417 1438 2806">
     <span class='ocr_line' id='line_1_20' title="bbox 289 2417 1435 2504; baseline 0 -21"><span class='ocrx_word' id='word_1_166' title='bbox 289 2425 332 2484; x_wconf 76' lang='lat' dir='ltr'><strong>n‘s</strong></span> <span class='ocrx_word' id='word_1_167' title='bbox 354 2423 498 2485; x_wconf 90' lang='lat' dir='ltr'><strong>adiuvabo</strong></span> <span class='ocrx_word' id='word_1_168' title='bbox 521 2433 550 2485; x_wconf 88' lang='lat' dir='ltr'><strong>et</strong></span> <span class='ocrx_word' id='word_1_169' title='bbox 579 2423 632 2484; x_wconf 91' lang='lat' dir='ltr'><strong>tibi</strong></span> <span class='ocrx_word' id='word_1_170' title='bbox 655 2443 760 2486; x_wconf 89' lang='lat' dir='ltr'><strong>versus</strong></span> <span class='ocrx_word' id='word_1_171' title='bbox 783 2443 858 2502; x_wconf 86' lang='lat' dir='ltr'><strong>quos</strong></span> <span class='ocrx_word' id='word_1_172' title='bbox 881 2440 969 2500; x_wconf 86' lang='lat' dir='ltr'><strong>rogas</strong></span> <span class='ocrx_word' id='word_1_173' title='bbox 995 2417 1114 2502; x_wconf 78' lang='grc' dir='ltr'><em>γλαῦκ’</em></span> <span class='ocrx_word' id='word_1_174' title='bbox 1138 2421 1185 2495; x_wconf 80' lang='grc' dir='ltr'><strong>εἰς</strong></span> <span class='ocrx_word' id='word_1_175' title='bbox 1203 2417 1347 2504; x_wconf 76' lang='grc' dir='ltr'><strong><em>Ἀθήνας</em></strong></span> <span class='ocrx_word' id='word_1_176' title='bbox 1368 2424 1435 2483; x_wconf 90' lang='lat' dir='ltr'><strong>mit·</strong></span> 
     </span>
     <span class='ocr_line' id='line_1_21' title="bbox 290 2525 1436 2606; baseline 0 -22"><span class='ocrx_word' id='word_1_177' title='bbox 290 2533 358 2585; x_wconf 86' lang='lat' dir='ltr'><strong>tam.</strong></span> <span class='ocrx_word' id='word_1_178' title='bbox 403 2527 459 2586; x_wconf 86' lang='lat' dir='ltr'><strong>III</strong></span> <span class='ocrx_word' id='word_1_179' title='bbox 481 2533 505 2593; x_wconf 85' lang='lat'><strong>1,</strong></span> <span class='ocrx_word' id='word_1_180' title='bbox 532 2534 564 2584; x_wconf 86' lang='lat' dir='ltr'><strong>tt</strong></span> <span class='ocrx_word' id='word_1_181' title='bbox 586 2543 685 2587; x_wconf 89' lang='lat' dir='ltr'><strong>mense</strong></span> <span class='ocrx_word' id='word_1_182' title='bbox 705 2528 863 2602; x_wconf 76' lang='lat' dir='ltr'><strong>septembri</strong></span> <span class='ocrx_word' id='word_1_183' title='bbox 884 2544 988 2606; x_wconf 90' lang='lat' dir='ltr'><strong>poema</strong></span> <span class='ocrx_word' id='word_1_184' title='bbox 1012 2525 1048 2585; x_wconf 87' lang='lat' dir='ltr'><strong>ad</strong></span> <span class='ocrx_word' id='word_1_185' title='bbox 1072 2526 1228 2587; x_wconf 85' lang='lat' dir='ltr'><strong>Caesarem</strong></span> <span class='ocrx_word' id='word_1_186' title='bbox 1251 2525 1331 2605; x_wconf 87' lang='lat' dir='ltr'><strong>quod</strong></span> <span class='ocrx_word' id='word_1_187' title='bbox 1354 2526 1436 2585; x_wconf 89' lang='lat' dir='ltr'><strong>insti·</strong></span> 
     </span>
     <span class='ocr_line' id='line_1_22' title="bbox 289 2627 1438 2708; baseline 0 -21"><span class='ocrx_word' id='word_1_188' title='bbox 289 2634 404 2688; x_wconf 89' lang='lat' dir='ltr'><strong>tueram</strong></span> <span class='ocrx_word' id='word_1_189' title='bbox 433 2629 539 2699; x_wconf 90' lang='lat' dir='ltr'><strong>incidi,</strong></span> <span class='ocrx_word' id='word_1_190' title='bbox 571 2627 623 2688; x_wconf 94' lang='lat' dir='ltr'><strong>tibi</strong></span> <span class='ocrx_word' id='word_1_191' title='bbox 653 2629 733 2708; x_wconf 88' lang='lat' dir='ltr'><strong>quod</strong></span> <span class='ocrx_word' id='word_1_192' title='bbox 761 2646 864 2706; x_wconf 84' lang='lat' dir='ltr'><strong>rogas,</strong></span> <span class='ocrx_word' id='word_1_193' title='bbox 893 2629 1033 2707; x_wconf 89' lang='lat' dir='ltr'><strong>quoniam</strong></span> <span class='ocrx_word' id='word_1_194' title='bbox 1056 2629 1112 2708; x_wconf 86' lang='lat' dir='ltr'><strong>ipsi</strong></span> <span class='ocrx_word' id='word_1_195' title='bbox 1135 2628 1232 2687; x_wconf 90' lang='lat' dir='ltr'><strong>iontes</strong></span> <span class='ocrx_word' id='word_1_196' title='bbox 1254 2629 1310 2688; x_wconf 90' lang='lat' dir='ltr'><strong>iam</strong></span> <span class='ocrx_word' id='word_1_197' title='bbox 1335 2628 1438 2687; x_wconf 86' lang='lat' dir='ltr'><strong>siliunt</strong></span> 
     </span>
     <span class='ocr_line' id='line_1_23' title="bbox 289 2720 1438 2806; baseline 0 -18"><span class='ocrx_word' id='word_1_198' title='bbox 289 2730 386 2789; x_wconf 84' lang='lat' dir='ltr'><strong>idest</strong></span> <span class='ocrx_word' id='word_1_199' title='bbox 411 2734 551 2804; x_wconf 78' lang='lat' dir='ltr'><strong>qnoniam</strong></span> <span class='ocrx_word' id='word_1_200' title='bbox 579 2720 653 2806; x_wconf 84' lang='lat' dir='ltr'><strong>ipsis</strong></span> <span class='ocrx_word' id='word_1_201' title='bbox 680 2731 769 2790; x_wconf 81' lang='lat' dir='ltr'><strong>rebar</strong></span> <span class='ocrx_word' id='word_1_202' title='bbox 797 2731 972 2790; x_wconf 82' lang='lat' dir='ltr'><strong>britannicis</strong></span> <span class='ocrx_word' id='word_1_203' title='bbox 999 2745 1058 2790; x_wconf 90' lang='lat' dir='ltr'><strong>non</strong></span> <span class='ocrx_word' id='word_1_204' title='bbox 1086 2732 1294 2803; x_wconf 80' lang='lat' dir='ltr'><strong>inflammatur</strong></span> <span class='ocrx_word' id='word_1_205' title='bbox 1320 2732 1438 2789; x_wconf 87' lang='lat' dir='ltr'><strong>animus</strong></span> 
     </span>
    </p>
   </div>
   <div class='ocr_carea' id='block_1_9' title="bbox 196 2829 1437 2914">
    <p class='ocr_par' dir='ltr' id='par_1_10' title="bbox 196 2829 1437 2914">
     <span class='ocr_line' id='line_1_24' title="bbox 196 2829 1437 2914; baseline 0 -25"><span class='ocrx_word' id='word_1_206' title='bbox 196 2875 201 2884; x_wconf 90' lang='lat'><strong>.</strong></span> <span class='ocrx_word' id='word_1_207' title='bbox 288 2832 313 2890; x_wconf 90' lang='lat' dir='ltr'><strong>si</strong></span> <span class='ocrx_word' id='word_1_208' title='bbox 337 2829 408 2908; x_wconf 89' lang='lat' dir='ltr'><strong>quid</strong></span> <span class='ocrx_word' id='word_1_209' title='bbox 432 2830 548 2893; x_wconf 85' lang='lat' dir='ltr'><strong>habebo</strong></span> <span class='ocrx_word' id='word_1_210' title='bbox 576 2833 652 2914; x_wconf 87' lang='lat' dir='ltr'><strong>spati</strong></span> <span class='ocrx_word' id='word_1_211' title='bbox 679 2831 816 2893; x_wconf 90' lang='lat' dir='ltr'><strong>scribam.</strong></span> <span class='ocrx_word' id='word_1_212' title='bbox 864 2840 898 2900; x_wconf 83' lang='grc'><strong>4,</strong></span> <span class='ocrx_word' id='word_1_213' title='bbox 925 2839 944 2890; x_wconf 83' lang='grc'><em>4</em></span> <span class='ocrx_word' id='word_1_214' title='bbox 971 2848 1070 2892; x_wconf 86' lang='lat' dir='ltr'><strong>mense</strong></span> <span class='ocrx_word' id='word_1_215' title='bbox 1099 2832 1213 2891; x_wconf 88' lang='lat' dir='ltr'><strong>octobri</strong></span> <span class='ocrx_word' id='word_1_216' title='bbox 1239 2830 1275 2891; x_wconf 89' lang='lat' dir='ltr'><strong>de</strong></span> <span class='ocrx_word' id='word_1_217' title='bbox 1303 2829 1437 2891; x_wconf 90' lang='lat' dir='ltr'><strong>versibus</strong></span> 
     </span>
    </p>
   </div>
   <div class='ocr_carea' id='block_1_10' title="bbox 246 2931 1464 4537">
    <p class='ocr_par' dir='ltr' id='par_1_11' title="bbox 246 2931 1464 4537">
     <span class='ocr_line' id='line_1_25' title="bbox 289 2931 1435 3012; baseline -0.002 -19"><span class='ocrx_word' id='word_1_218' title='bbox 289 2951 364 3012; x_wconf 86' lang='lat' dir='ltr'><strong>quos</strong></span> <span class='ocrx_word' id='word_1_219' title='bbox 390 2932 444 2994; x_wconf 88' lang='lat' dir='ltr'><strong>tibi</strong></span> <span class='ocrx_word' id='word_1_220' title='bbox 472 2952 560 2994; x_wconf 87' lang='lat' dir='ltr'><strong>ame</strong></span> <span class='ocrx_word' id='word_1_221' title='bbox 588 2934 679 2994; x_wconf 88' lang='lat' dir='ltr'><strong>scribi</strong></span> <span class='ocrx_word' id='word_1_222' title='bbox 704 2935 761 3003; x_wconf 91' lang='lat' dir='ltr'><strong>vis,</strong></span> <span class='ocrx_word' id='word_1_223' title='bbox 792 2932 875 2994; x_wconf 85' lang='lat' dir='ltr'><strong>deest</strong></span> <span class='ocrx_word' id='word_1_224' title='bbox 905 2931 975 2992; x_wconf 90' lang='lat' dir='ltr'><strong>mihi</strong></span> <span class='ocrx_word' id='word_1_225' title='bbox 1004 2932 1124 3011; x_wconf 90' lang='lat' dir='ltr'><strong>quidem</strong></span> <span class='ocrx_word' id='word_1_226' title='bbox 1153 2950 1243 3010; x_wconf 90' lang='lat' dir='ltr'><strong>opera</strong></span> <span class='ocrx_word' id='word_1_227' title='bbox 1273 2949 1357 3009; x_wconf 89' lang='lat' dir='ltr'><strong>quae.</strong></span> <span class='ocrx_word' id='word_1_228' title='bbox 1378 2950 1435 2991; x_wconf 90' lang='lat' dir='ltr'><strong>non</strong></span> 
     </span>
     <span class='ocr_line' id='line_1_26' title="bbox 288 3033 1435 3115; baseline -0.002 -21"><span class='ocrx_word' id='word_1_229' title='bbox 288 3034 377 3095; x_wconf 91' lang='lat' dir='ltr'><strong>modo</strong></span> <span class='ocrx_word' id='word_1_230' title='bbox 399 3043 517 3115; x_wconf 88' lang='lat' dir='ltr'><strong>tempus</strong></span> <span class='ocrx_word' id='word_1_231' title='bbox 539 3035 590 3096; x_wconf 90' lang='lat' dir='ltr'><strong>sed</strong></span> <span class='ocrx_word' id='word_1_232' title='bbox 615 3038 701 3096; x_wconf 85' lang='lat' dir='ltr'><strong>etiam</strong></span> <span class='ocrx_word' id='word_1_233' title='bbox 726 3035 858 3095; x_wconf 89' lang='lat' dir='ltr'><strong>animum</strong></span> <span class='ocrx_word' id='word_1_234' title='bbox 881 3052 1004 3094; x_wconf 84' lang='lat' dir='ltr'><strong>vaenum</strong></span> <span class='ocrx_word' id='word_1_235' title='bbox 1027 3033 1064 3106; x_wconf 84' lang='lat' dir='ltr'><strong>ab</strong></span> <span class='ocrx_word' id='word_1_236' title='bbox 1087 3034 1168 3094; x_wconf 88' lang='lat' dir='ltr'><strong>omni</strong></span> <span class='ocrx_word' id='word_1_237' title='bbox 1189 3048 1260 3094; x_wconf 88' lang='lat' dir='ltr'><strong>eura</strong></span> <span class='ocrx_word' id='word_1_238' title='bbox 1277 3033 1435 3103; x_wconf 90' lang='lat' dir='ltr'><strong>desiderat,</strong></span> 
     </span>
     <span class='ocr_line' id='line_1_27' title="bbox 288 3131 1437 3217; baseline -0.001 -21"><span class='ocrx_word' id='word_1_239' title='bbox 288 3135 340 3197; x_wconf 89' lang='lat' dir='ltr'><strong>sed</strong></span> <span class='ocrx_word' id='word_1_240' title='bbox 356 3134 439 3196; x_wconf 90' lang='lat' dir='ltr'><strong>abest</strong></span> <span class='ocrx_word' id='word_1_241' title='bbox 462 3139 549 3198; x_wconf 90' lang='lat' dir='ltr'><strong>etiam</strong></span> <span class='ocrx_word' id='word_1_242' title='bbox 574 3131 835 3217; x_wconf 78' lang='grc' dir='ltr'><strong><em>ἐνθουσιασμός.</em></strong></span> <span class='ocrx_word' id='word_1_243' title='bbox 875 3152 970 3212; x_wconf 88' lang='lat' dir='ltr'><strong>porro</strong></span> <span class='ocrx_word' id='word_1_244' title='bbox 993 3144 1089 3196; x_wconf 85' lang='lat' dir='ltr'><strong>antem</strong></span> <span class='ocrx_word' id='word_1_245' title='bbox 1112 3134 1198 3196; x_wconf 91' lang='lat' dir='ltr'><strong>simul</strong></span> <span class='ocrx_word' id='word_1_246' title='bbox 1223 3142 1251 3196; x_wconf 85' lang='lat' dir='ltr'><strong>et</strong></span> <span class='ocrx_word' id='word_1_247' title='bbox 1268 3131 1350 3214; x_wconf 84' lang='lat' dir='ltr'><strong>illud,</strong></span> <span class='ocrx_word' id='word_1_248' title='bbox 1373 3136 1437 3195; x_wconf 90' lang='lat' dir='ltr'><strong>sine</strong></span> 
     </span>
     <span class='ocr_line' id='line_1_28' title="bbox 290 3223 1464 3318; baseline -0.002 -20"><span class='ocrx_word' id='word_1_249' title='bbox 290 3235 349 3298; x_wconf 94' lang='lat' dir='ltr'><strong>ulla</strong></span> <span class='ocrx_word' id='word_1_250' title='bbox 383 3237 553 3299; x_wconf 87' lang='lat' dir='ltr'><strong>mehercule</strong></span> <span class='ocrx_word' id='word_1_251' title='bbox 585 3240 671 3299; x_wconf 90' lang='lat' dir='ltr'><strong>ronia</strong></span> <span class='ocrx_word' id='word_1_252' title='bbox 705 3235 828 3318; x_wconf 89' lang='lat' dir='ltr'><strong>loquor,</strong></span> <span class='ocrx_word' id='word_1_253' title='bbox 860 3238 912 3298; x_wconf 94' lang='lat' dir='ltr'><strong>tibi</strong></span> <span class='ocrx_word' id='word_1_254' title='bbox 945 3239 1029 3298; x_wconf 87' lang='lat' dir='ltr'><strong>istius</strong></span> <span class='ocrx_word' id='word_1_255' title='bbox 1062 3240 1181 3315; x_wconf 85' lang='lat' dir='ltr'><strong>generis</strong></span> <span class='ocrx_word' id='word_1_256' title='bbox 1214 3238 1244 3297; x_wconf 94' lang='lat' dir='ltr'><strong>in</strong></span> <span class='ocrx_word' id='word_1_257' title='bbox 1277 3223 1464 3298; x_wconf 79' lang='lat' dir='ltr'><strong>scribendo&#39;</strong></span> 
     </span>
     <span class='ocr_line' id='line_1_29' title="bbox 288 3338 1436 3426; baseline 0.001 -30"><span class='ocrx_word' id='word_1_258' title='bbox 288 3340 405 3419; x_wconf 88' lang='lat' dir='ltr'><strong>priores</strong></span> <span class='ocrx_word' id='word_1_259' title='bbox 427 3341 519 3418; x_wconf 89' lang='lat' dir='ltr'><strong>partis</strong></span> <span class='ocrx_word' id='word_1_260' title='bbox 542 3339 641 3400; x_wconf 91' lang='lat' dir='ltr'><strong>tribuo</strong></span> <span class='ocrx_word' id='word_1_261' title='bbox 665 3357 753 3416; x_wconf 88' lang='lat' dir='ltr'><strong>quam</strong></span> <span class='ocrx_word' id='word_1_262' title='bbox 778 3340 859 3400; x_wconf 91' lang='lat' dir='ltr'><strong>mihi.</strong></span> <span class='ocrx_word' id='word_1_263' title='bbox 900 3348 928 3410; x_wconf 80' lang='lat'><strong>5,</strong></span> <span class='ocrx_word' id='word_1_264' title='bbox 953 3348 972 3398; x_wconf 80' lang='grc'><em>4</em></span> <span class='ocrx_word' id='word_1_265' title='bbox 995 3356 1093 3399; x_wconf 77' lang='lat' dir='ltr'><strong>menese</strong></span> <span class='ocrx_word' id='word_1_266' title='bbox 1115 3341 1268 3400; x_wconf 83' lang='lat' dir='ltr'><strong>novembri</strong></span> <span class='ocrx_word' id='word_1_267' title='bbox 1287 3338 1365 3426; x_wconf 87' lang='lat' dir='ltr'><strong>quod</strong></span> <span class='ocrx_word' id='word_1_268' title='bbox 1389 3356 1436 3398; x_wconf 86' lang='lat' dir='ltr'><strong>me</strong></span> 
     </span>
     <span class='ocr_line' id='line_1_30' title="bbox 292 3439 1435 3520; baseline -0.001 -20"><span class='ocrx_word' id='word_1_269' title='bbox 292 3441 328 3500; x_wconf 91' lang='lat' dir='ltr'><strong>de</strong></span> <span class='ocrx_word' id='word_1_270' title='bbox 352 3440 486 3501; x_wconf 85' lang='lat' dir='ltr'><strong>versibus</strong></span> <span class='ocrx_word' id='word_1_271' title='bbox 508 3440 651 3501; x_wconf 88' lang='lat' dir='ltr'><strong>iaciendis</strong></span> <span class='ocrx_word' id='word_1_272' title='bbox 673 3442 770 3519; x_wconf 84' lang='lat' dir='ltr'><strong>rogas,</strong></span> <span class='ocrx_word' id='word_1_273' title='bbox 792 3439 968 3501; x_wconf 85' lang='lat' dir='ltr'><strong>incredibile</strong></span> <span class='ocrx_word' id='word_1_274' title='bbox 992 3447 1035 3501; x_wconf 89' lang='lat' dir='ltr'><strong>est</strong></span> <span class='ocrx_word' id='word_1_275' title='bbox 1052 3442 1091 3501; x_wconf 88' lang='lat' dir='ltr'><strong>nri</strong></span> <span class='ocrx_word' id='word_1_276' title='bbox 1114 3440 1206 3501; x_wconf 90' lang='lat' dir='ltr'><strong>irater</strong></span> <span class='ocrx_word' id='word_1_277' title='bbox 1221 3458 1309 3520; x_wconf 89' lang='lat' dir='ltr'><strong>quam</strong></span> <span class='ocrx_word' id='word_1_278' title='bbox 1332 3456 1435 3517; x_wconf 87' lang='lat' dir='ltr'><strong>egeam</strong></span> 
     </span>
     <span class='ocr_line' id='line_1_31' title="bbox 289 3540 1434 3622; baseline -0.002 -20"><span class='ocrx_word' id='word_1_279' title='bbox 289 3551 424 3622; x_wconf 90' lang='lat' dir='ltr'><strong>tempore</strong></span> <span class='ocrx_word' id='word_1_280' title='bbox 447 3560 503 3602; x_wconf 89' lang='lat' dir='ltr'><strong>nec</strong></span> <span class='ocrx_word' id='word_1_281' title='bbox 525 3560 597 3603; x_wconf 89' lang='lat' dir='ltr'><strong>sane</strong></span> <span class='ocrx_word' id='word_1_282' title='bbox 613 3544 684 3603; x_wconf 89' lang='lat' dir='ltr'><strong>satis</strong></span> <span class='ocrx_word' id='word_1_283' title='bbox 699 3561 888 3603; x_wconf 89' lang='lat' dir='ltr'><strong>commoveor</strong></span> <span class='ocrx_word' id='word_1_284' title='bbox 911 3544 1009 3617; x_wconf 88' lang='lat' dir='ltr'><strong>animo</strong></span> <span class='ocrx_word' id='word_1_285' title='bbox 1022 3542 1068 3603; x_wconf 83' lang='lat' dir='ltr'><strong>ad</strong></span> <span class='ocrx_word' id='word_1_286' title='bbox 1093 3561 1126 3602; x_wconf 93' lang='lat' dir='ltr'><strong>ea</strong></span> <span class='ocrx_word' id='word_1_287' title='bbox 1142 3560 1217 3622; x_wconf 89' lang='lat' dir='ltr'><strong>quae</strong></span> <span class='ocrx_word' id='word_1_288' title='bbox 1233 3543 1276 3602; x_wconf 92' lang='lat' dir='ltr'><strong>vis</strong></span> <span class='ocrx_word' id='word_1_289' title='bbox 1291 3540 1434 3601; x_wconf 87' lang='lat' dir='ltr'><strong>canenda.</strong></span> 
     </span>
     <span class='ocr_line' id='line_1_32' title="bbox 278 3639 1437 3720; baseline 0 -16"><span class='ocrx_word' id='word_1_290' title='bbox 278 3639 512 3715; x_wconf 68' lang='lat' dir='ltr'><strong>&#39;diaconessas</strong></span> <span class='ocrx_word' id='word_1_291' title='bbox 534 3645 607 3717; x_wconf 90' lang='lat' dir='ltr'><strong>(bas</strong></span> <span class='ocrx_word' id='word_1_292' title='bbox 628 3648 658 3705; x_wconf 89' lang='lat' dir='ltr'><strong>in</strong></span> <span class='ocrx_word' id='word_1_293' title='bbox 681 3644 811 3705; x_wconf 84' lang='lat' dir='ltr'><strong>Medicei</strong></span> <span class='ocrx_word' id='word_1_294' title='bbox 830 3647 974 3706; x_wconf 84' lang='lat' dir='ltr'><strong>intricata</strong></span> <span class='ocrx_word' id='word_1_295' title='bbox 996 3647 1150 3720; x_wconf 86' lang='lat' dir='ltr'><strong>scriptura</strong></span> <span class='ocrx_word' id='word_1_296' title='bbox 1166 3645 1360 3719; x_wconf 80' lang='lat' dir='ltr'><strong>&#39;requirebam</strong></span> <span class='ocrx_word' id='word_1_297' title='bbox 1381 3660 1437 3704; x_wconf 89' lang='lat' dir='ltr'><strong>nec</strong></span> 
     </span>
     <span class='ocr_line' id='line_1_33' title="bbox 288 3739 1437 3825; baseline -0.002 -19"><span class='ocrx_word' id='word_1_298' title='bbox 288 3753 418 3806; x_wconf 87' lang='lat' dir='ltr'><strong>remotas</strong></span> <span class='ocrx_word' id='word_1_299' title='bbox 441 3762 461 3805; x_wconf 88' lang='lat' dir='ltr'><strong>a</strong></span> <span class='ocrx_word' id='word_1_300' title='bbox 483 3739 586 3806; x_wconf 73' lang='lat' dir='ltr'><strong>malbec</strong></span> <span class='ocrx_word' id='word_1_301' title='bbox 607 3754 636 3806; x_wconf 85' lang='lat' dir='ltr'><strong>et</strong></span> <span class='ocrx_word' id='word_1_302' title='bbox 650 3747 892 3825; x_wconf 78' lang='lat' dir='ltr'><strong>coaoppapcein</strong></span> <span class='ocrx_word' id='word_1_303' title='bbox 914 3748 1044 3822; x_wconf 70' lang='lat' dir='ltr'><strong>adfines)</strong></span> <span class='ocrx_word' id='word_1_304' title='bbox 1067 3746 1195 3807; x_wconf 71' lang='lat' dir='ltr'><strong>vero‘ad</strong></span> <span class='ocrx_word' id='word_1_305' title='bbox 1219 3765 1253 3806; x_wconf 89' lang='lat' dir='ltr'><strong>ea</strong></span> <span class='ocrx_word' id='word_1_306' title='bbox 1276 3764 1352 3825; x_wconf 87' lang='lat' dir='ltr'><strong>quae</strong></span> <span class='ocrx_word' id='word_1_307' title='bbox 1373 3746 1437 3825; x_wconf 88' lang='lat' dir='ltr'><strong>ipse</strong></span> 
     </span>
     <span class='ocr_line' id='line_1_34' title="bbox 290 3845 1434 3927; baseline -0.003 -21"><span class='ocrx_word' id='word_1_308' title='bbox 290 3865 345 3925; x_wconf 85' lang='lat' dir='ltr'><strong>ego</strong></span> <span class='ocrx_word' id='word_1_309' title='bbox 368 3865 406 3907; x_wconf 90' lang='lat' dir='ltr'><strong>ne</strong></span> <span class='ocrx_word' id='word_1_310' title='bbox 428 3845 585 3925; x_wconf 87' lang='lat' dir='ltr'><strong>cogitando</strong></span> <span class='ocrx_word' id='word_1_311' title='bbox 608 3847 727 3924; x_wconf 87' lang='lat' dir='ltr'><strong>quidem</strong></span> <span class='ocrx_word' id='word_1_312' title='bbox 751 3865 927 3926; x_wconf 89' lang='lat' dir='ltr'><strong>consequor,</strong></span> <span class='ocrx_word' id='word_1_313' title='bbox 952 3856 983 3907; x_wconf 90' lang='lat' dir='ltr'><strong>tu</strong></span> <span class='ocrx_word' id='word_1_314' title='bbox 1007 3849 1057 3927; x_wconf 90' lang='lat' dir='ltr'><strong>qui</strong></span> <span class='ocrx_word' id='word_1_315' title='bbox 1079 3849 1175 3909; x_wconf 91' lang='lat' dir='ltr'><strong>omnis</strong></span> <span class='ocrx_word' id='word_1_316' title='bbox 1196 3848 1253 3908; x_wconf 87' lang='lat' dir='ltr'><strong>isto</strong></span> <span class='ocrx_word' id='word_1_317' title='bbox 1277 3845 1434 3926; x_wconf 89' lang='lat' dir='ltr'><strong>eloquendi</strong></span> 
     </span>
     <span class='ocr_line' id='line_1_35' title="bbox 289 3948 1434 4029; baseline -0.003 -21"><span class='ocrx_word' id='word_1_318' title='bbox 289 3957 318 4008; x_wconf 87' lang='lat' dir='ltr'><strong>et</strong></span> <span class='ocrx_word' id='word_1_319' title='bbox 339 3948 525 4027; x_wconf 86' lang='lat' dir='ltr'><strong>exprimendi</strong></span> <span class='ocrx_word' id='word_1_320' title='bbox 540 3966 650 4026; x_wconf 86' lang='lat' dir='ltr'><strong>genere</strong></span> <span class='ocrx_word' id='word_1_321' title='bbox 660 3951 822 4029; x_wconf 78' lang='lat' dir='ltr'><strong>superasti,</strong></span> <span class='ocrx_word' id='word_1_322' title='bbox 839 3969 854 4010; x_wconf 86' lang='lat' dir='ltr'><strong>e</strong></span> <span class='ocrx_word' id='word_1_323' title='bbox 871 3969 918 4010; x_wconf 89' lang='lat' dir='ltr'><strong>me</strong></span> <span class='ocrx_word' id='word_1_324' title='bbox 934 3950 1030 4029; x_wconf 77' lang='lat' dir='ltr'><strong>petis?</strong></span> <span class='ocrx_word' id='word_1_325' title='bbox 1054 3950 1184 4010; x_wconf 87' lang='lat' dir='ltr'><strong>iacerem</strong></span> <span class='ocrx_word' id='word_1_326' title='bbox 1200 3956 1299 4009; x_wconf 90' lang='lat' dir='ltr'><strong>tamen</strong></span> <span class='ocrx_word' id='word_1_327' title='bbox 1315 3955 1348 4008; x_wconf 88' lang='lat' dir='ltr'><strong>ut</strong></span> <span class='ocrx_word' id='word_1_328' title='bbox 1361 3963 1434 4024; x_wconf 92' lang='lat' dir='ltr'><strong>pos-</strong></span> 
     </span>
     <span class='ocr_line' id='line_1_36' title="bbox 288 4047 1434 4130; baseline -0.005 -20"><span class='ocrx_word' id='word_1_329' title='bbox 288 4068 362 4120; x_wconf 89' lang='lat' dir='ltr'><strong>sem,</strong></span> <span class='ocrx_word' id='word_1_330' title='bbox 385 4050 438 4109; x_wconf 90' lang='lat' dir='ltr'><strong>sed</strong></span> <span class='ocrx_word' id='word_1_331' title='bbox 461 4049 538 4129; x_wconf 87' lang='lat' dir='ltr'><strong>quod</strong></span> <span class='ocrx_word' id='word_1_332' title='bbox 563 4056 591 4110; x_wconf 88' lang='lat' dir='ltr'><strong>te</strong></span> <span class='ocrx_word' id='word_1_333' title='bbox 607 4052 738 4112; x_wconf 87' lang='lat' dir='ltr'><strong>minume</strong></span> <span class='ocrx_word' id='word_1_334' title='bbox 755 4051 837 4129; x_wconf 86' lang='lat' dir='ltr'><strong>iugit,</strong></span> <span class='ocrx_word' id='word_1_335' title='bbox 862 4070 936 4130; x_wconf 92' lang='lat' dir='ltr'><strong>opus</strong></span> <span class='ocrx_word' id='word_1_336' title='bbox 958 4059 1002 4112; x_wconf 87' lang='lat' dir='ltr'><strong>est</strong></span> <span class='ocrx_word' id='word_1_337' title='bbox 1023 4051 1058 4111; x_wconf 90' lang='lat' dir='ltr'><strong>ad</strong></span> <span class='ocrx_word' id='word_1_338' title='bbox 1075 4069 1180 4130; x_wconf 89' lang='lat' dir='ltr'><strong>poema</strong></span> <span class='ocrx_word' id='word_1_339' title='bbox 1197 4049 1321 4127; x_wconf 88' lang='lat' dir='ltr'><strong>quadam</strong></span> <span class='ocrx_word' id='word_1_340' title='bbox 1345 4047 1434 4107; x_wconf 90' lang='lat' dir='ltr'><strong>animi</strong></span> 
     </span>
     <span class='ocr_line' id='line_1_37' title="bbox 288 4149 1436 4232; baseline -0.003 -20"><span class='ocrx_word' id='word_1_341' title='bbox 288 4151 541 4231; x_wconf 80' lang='lat' dir='ltr'><strong>alacritate-quam</strong></span> <span class='ocrx_word' id='word_1_342' title='bbox 564 4149 651 4230; x_wconf 90' lang='lat' dir='ltr'><strong>plane</strong></span> <span class='ocrx_word' id='word_1_343' title='bbox 667 4151 739 4213; x_wconf 91' lang='lat' dir='ltr'><strong>mihi</strong></span> <span class='ocrx_word' id='word_1_344' title='bbox 757 4161 889 4232; x_wconf 86' lang='lat' dir='ltr'><strong>tempora</strong></span> <span class='ocrx_word' id='word_1_345' title='bbox 913 4154 1051 4232; x_wconf 90' lang='lat' dir='ltr'><strong>eripiunt.</strong></span> <span class='ocrx_word' id='word_1_346' title='bbox 1090 4154 1217 4227; x_wconf 79' lang='lat' dir='ltr'><strong>denique</strong></span> <span class='ocrx_word' id='word_1_347' title='bbox 1231 4157 1257 4220; x_wconf 83' lang='lat'><strong>9,</strong></span> <span class='ocrx_word' id='word_1_348' title='bbox 1275 4157 1293 4209; x_wconf 82' lang='lat'><strong>6</strong></span> <span class='ocrx_word' id='word_1_349' title='bbox 1314 4151 1436 4209; x_wconf 82' lang='lat' dir='ltr'><strong>circiter</strong></span> 
     </span>
     <span class='ocr_line' id='line_1_38' title="bbox 288 4249 1435 4333; baseline -0.001 -21"><span class='ocrx_word' id='word_1_350' title='bbox 288 4255 436 4314; x_wconf 79' lang='lat' dir='ltr'><strong>habendas</strong></span> <span class='ocrx_word' id='word_1_351' title='bbox 459 4254 625 4314; x_wconf 82' lang='lat' dir='ltr'><strong>decembres</strong></span> <span class='ocrx_word' id='word_1_352' title='bbox 647 4254 724 4333; x_wconf 84' lang='lat' dir='ltr'><strong>quod</strong></span> <span class='ocrx_word' id='word_1_353' title='bbox 750 4273 797 4314; x_wconf 89' lang='lat' dir='ltr'><strong>me</strong></span> <span class='ocrx_word' id='word_1_354' title='bbox 825 4256 954 4316; x_wconf 90' lang='lat' dir='ltr'><strong>hortaris</strong></span> <span class='ocrx_word' id='word_1_355' title='bbox 981 4261 1015 4314; x_wconf 95' lang='lat' dir='ltr'><strong>ut</strong></span> <span class='ocrx_word' id='word_1_356' title='bbox 1040 4252 1204 4322; x_wconf 86' lang='lat' dir='ltr'><strong>absolvam,</strong></span> <span class='ocrx_word' id='word_1_357' title='bbox 1234 4251 1331 4312; x_wconf 88' lang='lat' dir='ltr'><strong>habeo</strong></span> <span class='ocrx_word' id='word_1_358' title='bbox 1350 4249 1435 4311; x_wconf 92' lang='lat' dir='ltr'><strong>abso·</strong></span> 
     </span>
     <span class='ocr_line' id='line_1_39' title="bbox 288 4353 1437 4438; baseline -0.003 -23"><span class='ocrx_word' id='word_1_359' title='bbox 288 4355 382 4417; x_wconf 90' lang='lat' dir='ltr'><strong>lutum</strong></span> <span class='ocrx_word' id='word_1_360' title='bbox 402 4373 489 4415; x_wconf 92' lang='lat' dir='ltr'><strong>suave</strong></span> <span class='ocrx_word' id='word_1_361' title='bbox 507 4354 578 4414; x_wconf 90' lang='lat' dir='ltr'><strong>mihi</strong></span> <span class='ocrx_word' id='word_1_362' title='bbox 603 4355 721 4434; x_wconf 91' lang='lat' dir='ltr'><strong>quidem</strong></span> <span class='ocrx_word' id='word_1_363' title='bbox 745 4357 786 4415; x_wconf 92' lang='lat' dir='ltr'><strong>uti</strong></span> <span class='ocrx_word' id='word_1_364' title='bbox 802 4356 925 4438; x_wconf 14' lang='lat' dir='ltr'><strong>*evidetur</strong></span> <span class='ocrx_word' id='word_1_365' title='bbox 948 4353 1026 4426; x_wconf 78' lang='grc' dir='ltr'><strong><em>ἔπος</em></strong></span> <span class='ocrx_word' id='word_1_366' title='bbox 1048 4355 1084 4416; x_wconf 90' lang='lat' dir='ltr'><strong>ad</strong></span> <span class='ocrx_word' id='word_1_367' title='bbox 1107 4356 1273 4417; x_wconf 85' lang='lat' dir='ltr'><strong>Caesarem.</strong></span> <span class='ocrx_word' id='word_1_368' title='bbox 1314 4354 1437 4426; x_wconf 77' lang='lat' dir='ltr'><strong>Quintus</strong></span> 
     </span>
     <span class='ocr_line' id='line_1_40' title="bbox 246 4457 1217 4537; baseline -0.005 -17"><span class='ocrx_word' id='word_1_369' title='bbox 246 4506 251 4509; x_wconf 86' lang='lat'>-</span> <span class='ocrx_word' id='word_1_370' title='bbox 289 4473 365 4520; x_wconf 81' lang='lat' dir='ltr'><strong>cero.</strong></span> <span class='ocrx_word' id='word_1_371' title='bbox 379 4459 410 4519; x_wconf 86' lang='lat' dir='ltr'><strong>in</strong></span> <span class='ocrx_word' id='word_1_372' title='bbox 432 4458 488 4516; x_wconf 85' lang='lat' dir='ltr'><strong>boc</strong></span> <span class='ocrx_word' id='word_1_373' title='bbox 512 4475 624 4537; x_wconf 78' lang='lat' dir='ltr'><strong>perere</strong></span> <span class='ocrx_word' id='word_1_374' title='bbox 651 4474 720 4517; x_wconf 88' lang='lat' dir='ltr'><strong>nam</strong></span> <span class='ocrx_word' id='word_1_375' title='bbox 743 4460 817 4534; x_wconf 80' lang='lat' dir='ltr'><strong>qnid</strong></span> <span class='ocrx_word' id='word_1_376' title='bbox 834 4457 1001 4534; x_wconf 82' lang='lat' dir='ltr'><strong>perfecerit</strong></span> <span class='ocrx_word' id='word_1_377' title='bbox 1021 4474 1080 4516; x_wconf 88' lang='lat' dir='ltr'><strong>non</strong></span> <span class='ocrx_word' id='word_1_378' title='bbox 1103 4460 1217 4532; x_wconf 57' lang='lat' dir='ltr'><strong>liquet:</strong></span> 
     </span>
    </p>
   </div>
   <div class='ocr_carea' id='block_1_11' title="bbox 0 0 1656 5206">
    <p class='ocr_par' dir='ltr' id='par_1_12' title="bbox 0 0 1656 5206">
     <span class='ocr_line' id='line_1_41' title="bbox 0 0 1656 5206; baseline 0 1"><span class='ocrx_word' id='word_1_379' title='bbox 0 0 1656 5206; x_wconf 95' lang='lat' dir='ltr'><strong> </strong></span> 
     </span>
    </p>
   </div>
  </div>
 </body>
</html>
