3304 5206
197 335 339 431 'to

294 541 428 609 eiierret,
452 554 577 613 eamque
598 540 647 597 ille
674 539 787 597 nullam
808 537 939 612 reperiri
957 553 1045 610 posse
1072 539 1131 593 tam
1161 526 1326 626 improiqam
1348 533 1440 593 ciuem

295 640 452 723 diaerit§
475 648 511 700 12
532 642 584 717 qui
607 638 676 699 vetit
697 657 756 699 uno
787 639 927 717 suffragio
950 637 1024 698 duas
1045 638 1075 696 in
1106 654 1169 696 rem
1193 633 1341 715 publicam
1364 630 1445 694 sicas

296 745 497 821 destringere,
525 744 574 803 ite
596 743 714 803 adacta
735 742 790 803 Ca.
813 743 932 803 Pisonos
957 741 1103 800 mentione
1123 756 1158 814 p.
1187 744 1260 809 944,
1285 742 1321 795 39
1348 737 1442 795 malos

296 836 377 908 cloes
395 846 607 920 siqnilioaaerit
628 845 677 923 qui
708 851 811 922 postea
834 860 921 922 quarn
949 839 1002 902 itte
1024 841 1121 901 conati
1145 846 1231 901 eraut
1251 837 1440 917 Hispaniensi

299 946 482 1027 pugiuneuio
498 964 604 1008 nervos
620 946 751 1006 incidere
767 946 873 1005 civium
889 961 1080 1004 romanarum
1097 960 1157 1002 non
1181 946 1352 1020 potuerunt,
1367 939 1441 999 duas

298 1069 357 1110 utto
373 1057 508 1127 tempore
531 1055 677 1111 conantur
699 1049 729 1107 in
752 1045 981 1126 rempublicam
1004 1046 1080 1105 sicas
1102 1044 1303 1122 destringere,
1327 1049 1441 1102 tantam

197 1164 201 1167 ·
298 1146 433 1212 rodestol
453 1152 586 1212 mirabili
607 1153 793 1226 inqenioram
815 1165 959 1210 consensu
980 1165 1074 1223 aeque
1088 1155 1244 1220 utrumque
1259 1148 1290 1206 in
1309 1146 1442 1218 facetias
1466 1206 1469 1221 ,
1542 1137 1544 1142 ’

296 1256 352 1314 loos
370 1254 509 1316 incidisse
523 1255 656 1326 credam,
672 1260 705 1312 at
719 1251 948 1317 Marcum-milti
962 1257 1074 1311 constet
1087 1251 1248 1310 adscivisse
1269 1249 1328 1308 sili
1342 1246 1443 1318 Quinti

296 1359 415 1419 inuenta
438 1357 591 1429 oerlnque
616 1356 729 1431 purtim
756 1356 939 1416 circumcisis
964 1356 1078 1429 partim
1104 1353 1294 1428 amplificatis
1315 1355 1442 1410 mutasse
1474 1402 1481 1409 ,

296 1461 327 1518 in
342 1460 455 1520 melios.
500 1466 588 1531 utque
608 1460 698 1517 etiam
719 1457 775 1517 itoc
795 1473 921 1518 caussae
945 1456 1039 1531 fuisse
1061 1456 1213 1528 suspicari
1232 1453 1346 1529 licebit,
1374 1467 1441 1510 cum

295 1577 381 1621 suam
405 1560 531 1620 Marcus
552 1561 713 1620 orationem
727 1559 925 1634 eaolqandam
939 1566 1070 1625 curaret,
1093 1573 1148 1643 car
1161 1555 1273 1627 fratris
1287 1569 1438 1614 commea-

295 1665 437 1725 toriolam
459 1677 518 1722 non
540 1663 608 1722 item
627 1663 779 1736 prolatum
801 1679 817 1721 e
839 1663 967 1735 capsula
988 1660 1128 1719 ediderit.
1278 1644 1281 1649 ’

379 1765 485 1849 Postea
510 1764 610 1836 Oainti
629 1763 726 1823 libello
747 1763 821 1837 qaid
838 1761 956 1835 factam
978 1763 1023 1839 sit,
1046 1763 1186 1835 quoniam
1201 1775 1285 1819 nemo
1300 1774 1440 1832 umquam

296 1868 335 1927 de
356 1884 390 1928 eo
412 1867 655 1942 commemorauit,
676 1881 787 1941 porum
809 1862 999 1939 exploratum
1018 1869 1070 1922 est.
1100 1862 1226 1923 Morcus
1248 1861 1366 1936 quidem
1379 1876 1440 1935 par

289 1971 368 2045 pari
378 1954 508 2045 qaedam
517 1969 605 2035 modo
615 1970 728 2028 rettulit
739 1969 830 2026 misso
846 1966 889 2025 od
900 1963 1042 2037 fratrem,
1050 1966 1101 2024 cui
1111 1966 1214 2023 tertius
1225 1979 1323 2022 onasus
1338 1976 1439 2021 acces-

298 2078 381 2131 serat
399 2072 596 2146 provincialis
617 2070 896 2137 administrationis,
920 2069 951 2126 in
969 2069 1069 2126 Asiam
1090 2082 1171 2126 anno
1187 2062 1445 2126 DCLXXXXIV

274 2242 278 2250 ,
297 2176 424 2251 epistula
435 2176 603 2248 praeclaro
618 2173 639 2231 I
654 2180 668 2231 t
683 2187 760 2246 quae
782 2187 849 2231 oum
864 2174 895 2230 ia
908 2186 1018 2243 qenere
1039 2169 1190 2228 scribendi
1207 2174 1333 2243 propter
1345 2182 1441 2240 prae-

296 2282 450 2351 ceptorum
472 2277 511 2334 de
535 2274 656 2350 pollice
682 2273 783 2345 officio
810 2273 1028 2345 multitudinem
1052 2287 1201 2347 proxume
1228 2271 1272 2329 ad
1290 2286 1441 2330 conamen-

298 2380 437 2438 tariotum
461 2377 515 2448 iaoc
537 2377 664 2437 accedat
684 2392 742 2436 noa
766 2377 942 2451 discrepans
963 2376 1023 2434 nisi
1041 2375 1170 2449 eoquod
1190 2377 1247 2435 soli
1269 2373 1374 2445 Quinto
1395 2378 1440 2436 iit-

297 2488 378 2541 teras
400 2497 471 2542 saos
494 2479 621 2540 Morcus
643 2467 854 2549 destinaverat,
878 2486 938 2537 tam
959 2478 1080 2551 sinqula
1094 2476 1181 2536 itabat
1197 2475 1349 2536 adsimilio
1364 2479 1443 2538 oelut

296 2583 339 2644 idi
360 2600 438 2658 quoe
460 2585 600 2656 loquatur
619 2579 644 2663 §
666 2587 705 2640 37
732 2599 791 2640 non
814 2580 973 2659 suscipiant
998 2588 1127 2655 atquae
1144 2578 1187 2638 ,de
1206 2579 1359 2640 iracundia
1382 2579 1441 2639 dici

296 2682 394 2745 solent
421 2704 436 2745 a
465 2683 655 2744 doctissumis
683 2680 854 2742 hominibus
883 2700 917 2741 ea
945 2698 1023 2741 nunc
1054 2680 1107 2741 tibi
1131 2698 1295 2760 exponant,
1319 2701 1386 2743 curu
1411 2689 1440 2742 et

297 2786 387 2849 nimis
409 2784 517 2862 longus
540 2802 606 2845 esse
629 2782 718 2843 nolim
743 2792 772 2843 et
794 2802 828 2843 ex
854 2780 1014 2843 muitarum
1038 2784 1157 2860 scriptis
1180 2801 1213 2843 ea
1237 2782 1322 2844 iucile
1344 2785 1440 2863 possis

298 2904 496 2964 cognoscere,
531 2884 604 2946 iliud
634 2886 713 2964 quod
738 2892 782 2945 esi
809 2881 953 2963 epistulae
982 2886 1152 2963 proprium,
1181 2893 1214 2945 ut
1235 2887 1259 2946 is
1287 2885 1323 2945 od
1353 2903 1439 2962 quern
1493 2925 1500 2935 ·

299 2987 442 3048 scribitur
458 2987 494 3047 tie
518 2989 560 3048 eis
583 2986 674 3048 rebus
696 3005 768 3064 quas
790 2988 907 3065 ignorat
929 2987 1039 3046 certior
1054 2987 1119 3062 ,stan
1143 2987 1457 3065 praetermittendum

297 3109 362 3150 esse
391 3108 450 3150 non
480 3096 550 3169 puto
578 3090 739 3149 admodum
765 3091 926 3168 coaoinpnt
951 3104 1019 3149 cnm
1048 3088 1148 3159 Quinti
1172 3093 1318 3150 sententio
1344 3088 1368 3170 §
1396 3096 1440 3149 39.

297 3209 399 3253 aerum
421 3199 491 3252 tanc
513 3192 704 3252 recordatum
718 3208 781 3251 esse
797 3191 937 3251 Marcum
952 3193 1070 3265 suisque
1085 3193 1213 3264 tetiqisse
1235 3192 1441 3268 perlapsum

297 3295 377 3354 iane
398 3296 556 3369 epistulam
583 3294 621 3353 de
644 3295 786 3368 petitione
814 3293 931 3360 datam,
961 3309 1039 3367 qaae
1063 3292 1230 3369 quemani
1252 3292 1316 3364 fait
1342 3297 1442 3369 opinio

294 3413 326 3472 p.
352 3403 399 3469 20,
421 3412 459 3455 ae
480 3397 533 3455 ilia
554 3397 673 3469 quidem
685 3393 852 3477 probant§
867 3402 907 3454 43
921 3404 954 3455 ut
974 3393 1195 3474 amplissumurn
1212 3410 1319 3455 nomen
1337 3413 1441 3456 conse·
1543 3456 1548 3463 ,

297 3514 472 3578 queremur,
502 3515 580 3557 renus
608 3504 728 3576 praeter
755 3504 872 3558 eeteros
895 3496 1031 3557 adiuvisti
1057 3513 1115 3556 aon
1148 3503 1210 3557 tam
1232 3498 1443 3573 adpetitionis

297 3615 387 3676 quom
420 3599 463 3658 od
491 3601 662 3659 consulatus
690 3610 802 3676 tempus
829 3601 1009 3673 spectantia,
1045 3598 1154 3659 nedum
1182 3600 1376 3671 narrorilicam
1404 3600 1442 3658 de
1519 3659 1528 3669 ,

297 3703 467 3775 lonqissimo
490 3717 608 3775 qaoque
631 3701 733 3772 Quinti
752 3703 880 3775 epistula
908 3702 1100 3760 testimonium
1121 3697 1145 3782 ἕ
1168 3708 1208 3759 45
1231 3703 1388 3776 quicquam
1411 3704 1442 3761 in

296 3805 356 3863 itae
377 3804 549 3877 quaestione
574 3802 675 3875 sociat
701 3805 846 3862 momenti.
890 3808 1059 3862 neumatum
1087 3810 1186 3862 autem
1213 3805 1442 3862 commentario-

297 3908 358 3966 lum
379 3921 395 3963 e
417 3904 546 3964 tenebris
568 3906 599 3963 in
622 3906 716 3965 lacem
730 3905 900 3979 editumque
921 3920 983 3963 esse
1004 3919 1039 3963 eo
1061 3904 1179 3964 demam
1189 3911 1332 3977 -tempore
1352 3904 1441 3964 aide-

296 4013 346 4066 tur
367 4021 424 4079 quo
444 4016 510 4081 post
538 4006 711 4078 interfectos
729 4005 849 4078 fratres
870 4006 972 4066 Marci
991 4008 1107 4068 scrinia
1129 4007 1327 4080 epistularum
1349 4007 1445 4079 recepi

295 4109 501 4184 paulatimque
523 4108 638 4168 Romae
666 4108 802 4182 dispcrqi
822 4126 881 4183 per
902 4110 1091 4182 exemplario
1112 4113 1281 4180 coeperant.
1325 4124 1387 4181 qao
1409 4125 1443 4167 re

295 4210 414 4283 foetum
435 4215 479 4269 est
498 4216 531 4269 at
551 4217 580 4270 et
603 4210 706 4269 Marci
726 4212 845 4285 seriptis
866 4212 1031 4270 immixtum
1050 4215 1079 4267 et
1092 4209 1265 4268 adiunctum
1286 4210 1350 4268 eius
1374 4211 1443 4284 epi-

297 4314 382 4373 stulis
410 4313 454 4372 ad
473 4327 526 4372 nos
548 4328 640 4388 usqae
659 4315 838 4389 perueniret.
884 4329 989 4389 nempe
1016 4311 1197 4371 orationihus
1221 4310 1371 4372 Ciceronis
1392 4314 1444 4385 qai
