3304 5206
1234 381 1363 446 ⁴¹11

220 559 424 633 interposuere
445 557 717 618 commentariolum
739 555 858 617 codices
879 558 925 616 acl
946 554 1006 616 ltac
1021 573 1082 615 una
1097 573 1131 615 re
1145 557 1253 629 quanti
1269 563 1364 616 aestu·

219 661 324 720 mundi
343 662 402 719 sint
421 662 481 734 ipsi
500 660 651 726 indicant,
675 661 705 718 in
728 659 934 735 antiquissimo
955 658 1032 728 litero
1053 658 1097 716 ad
1121 657 1255 718 Tironem
1278 660 1367 718 dotas

219 765 363 837 epistulas
387 765 546 836 pictamque
573 761 617 818 ad
639 759 832 820 Octauianum
859 763 994 835 sequitur
1022 760 1200 820 antecedens
1227 760 1365 820 Catonem

162 914 167 923 x
219 871 250 925 et
270 864 414 924 Laelium.
458 852 522 923 iam
546 879 613 923 cum
636 863 841 923 Beroliueusis
869 864 919 922 ltic
946 862 1020 922 liber
1042 879 1101 924 nort
1124 862 1235 921 lubeat
1255 865 1365 936 epistu-

219 970 266 1027 las
288 969 347 1027 nisi
363 969 494 1036 selectas,
517 965 677 1025 subditicio
691 971 789 1024 autem
811 965 855 1024 ed
877 965 1071 1025 Octauianam
1093 966 1148 1024 illa
1162 966 1193 1023 in
1208 966 1270 1023 alio
1290 966 1364 1022 mul-

220 1075 268 1128 tae
296 1069 495 1139 auctoritatis,
522 1069 696 1127 Florentino
723 1068 901 1137 Petrarcae,
930 1069 1137 1141 epistularum·
1156 1066 1200 1125 ad
1227 1065 1365 1137 Quintum

221 1171 311 1231 libros
331 1172 475 1246 excipiat,
500 1184 559 1228 nou
582 1169 708 1242 disicite
730 1173 788 1230 erit
805 1170 995 1244 persuadere
1010 1166 1045 1228 'in
1068 1170 1222 1228 uetustiore
1241 1183 1367 1242 corpore

2 1252 19 1279 ⁶
116 1270 118 1277 '
221 1274 300 1332 unde
326 1273 559 1333 commentarioli
584 1274 689 1332 notitia
716 1274 809 1331 amnis
833 1275 961 1346 fluxerit
985 1272 1186 1331 continuatum
1213 1270 1247 1329 id
1269 1267 1367 1341 fuisse

160 1430 163 1435 .
222 1376 326 1435 Marci
356 1375 400 1434 ad
428 1374 560 1447 fratrem
595 1377 737 1449 epistulis.
781 1380 810 1433 et
836 1375 914 1433 enim
942 1375 994 1448 qui
1021 1371 1114 1432 Orelli
1140 1371 1366 1448 disputationem

220 1479 315 1538 secuti
328 1477 532 1551 Berolinensis
553 1479 664 1537 codicis
685 1478 817 1552 syllopen
839 1477 1035 1551 epistularum
1050 1491 1090 1533 eu
1111 1474 1294 1535 Vercellensi
1307 1474 1365 1533 de-

17 1622 19 1629 ·
109 1566 114 1571 ’
221 1581 334 1640 ducere
354 1581 487 1639 maluere
510 1595 599 1652 auam
622 1578 667 1638 eu'
684 1580 746 1638 alio
767 1594 804 1637 ac
826 1579 943 1637 diuersa
964 1578 1114 1651 exemplo,
1136 1578 1165 1635 ei
1185 1575 1240 1634 ltoc
1261 1591 1367 1634 errore

107 1758 117 1767 .
189 1746 194 1753 ,
215 1682 358 1757 prolapsi
370 1682 510 1741 uidentur
532 1687 564 1740 ut
577 1696 662 1755 pium
678 1681 805 1740 bonitate
826 1696 885 1738 uon
905 1686 1062 1755 praestare
1074 1684 1296 1754 perspexerant
1311 1692 1366 1738 co-

222 1785 316 1845 dicem
337 1785 427 1844 etiam
450 1783 488 1842 de
508 1783 695 1843 ltereditaria
715 1785 821 1843 veteris
839 1782 1001 1842 memoriae
1019 1782 1202 1855 possessione
1222 1780 1367 1840 deiectum

221 1888 311 1960 puasi
330 1887 440 1961 capitis
460 1885 696 1945 condemnarent
716 1885 864 1960 cupidius.
887 1890 1018 1944 ceterum
1042 1883 1186 1942 Asconius
1207 1883 1238 1941 in
1253 1883 1368 1956 euplu-

192 2048 196 2055 p
222 1990 341 2046 coertione
364 1989 506 2047 orationis
528 1988 649 2060 lotape
675 1986 810 2047 candida
837 1986 956 2045 ltaditae
974 1984 1082 2055 ,Quina
1101 1986 1232 2045 libellum
1253 1985 1369 2044 silentio

153 2080 159 2093 ⁸
219 2091 378 2165 praeteriit
399 2091 460 2148 siue
479 2105 537 2163 per
559 2090 777 2161 lanceationem
798 2089 860 2165 siae
878 2104 937 2162 per
959 2086 1142 2147 obliuionem.
1427 2142 1431 2153 ,
1485 2144 1491 2163 ‚
1534 2146 1539 2169 ι

306 2189 465 2264 Antiquior
491 2191 580 2250 lodie
606 2193 877 2249 commentariolum
904 2189 1002 2249 codem
1029 2191 1129 2248 nullus
1157 2194 1233 2248 tenet
1260 2190 1370 2250 nisisi
1402 2168 1502 2221 'Q‘
1523 2172 1537 2195 ''
1553 2186 1559 2205 ‘

221 2294 274 2370 qui
294 2293 395 2353 udauc
417 2293 560 2352 delitescit
579 2308 668 2365 prtum
697 2292 899 2352 Berolinensis
925 2306 978 2352 ms.
1001 2293 1055 2350 lat.
1080 2290 1137 2363 fol.
1161 2307 1191 2350 n.
1218 2297 1276 2370 252
1296 2294 1366 2352 olim

221 2394 411 2467 Erfurtensis
438 2396 554 2468 copiose
576 2393 748 2468 descriptus
776 2395 814 2453 alt
837 2395 986 2453 Eduardo
1012 2393 1164 2453 Wundero
1192 2396 1246 2467 qui
1265 2396 1368 2454 varias

220 2500 361 2558 lectiones
381 2512 422 2555 ece
443 2510 478 2555 eo
499 2496 628 2555 enotavit
651 2496 771 2570 Lipsiae
793 2513 822 2555 a.
849 2501 932 2554 1827.
967 2495 1128 2555 oriundum
1150 2511 1217 2555 eum
1243 2513 1307 2556 esse
1328 2514 1368 2557 eu
1453 2570 1455 2573 ¹
1557 2568 1567 2587 ῃ

127 2596 131 2598 ’
223 2599 392 2660 conetense
404 2601 583 2679 manasterio
592 2604 721 2674 propter
735 2603 913 2659 ornamenta
925 2599 1025 2673 primo
1034 2597 1110 2670 folio
1125 2598 1248 2672 adpicta
1270 2602 1366 2674 scrip·

222 2709 339 2776 tamque
365 2716 423 2761 non
456 2709 489 2760 ut
525 2696 697 2761 Wunderus
730 2702 923 2761 existumavit
954 2701 1085 2774 iniamus
1117 2705 1227 2772 quarto
1255 2700 1368 2761 decimo

222 2806 344 2864 saeculo
368 2804 423 2863 sed
449 2809 503 2862 aut
529 2804 684 2863 undecimo
711 2809 838 2862 exeunte
860 2809 913 2862 aut
939 2808 1020 2863 certe
1047 2804 1165 2861 ineunte
1193 2800 1367 2862 duodecimo
1403 2870 1418 2901 e

224 2909 371 2968 dustanus
394 2906 574 2981 Meyncleius
595 2900 670 2964 milti
689 2905 874 2977 sipnidcaoit,
895 2920 961 2963 cum
982 2906 1113 2978 primam
1135 2906 1370 2964 commentaridi
1412 2890 1421 2899 ’

220 3014 338 3084 partem
360 3003 447 3087 ad§
469 3014 507 3065 22
527 3023 620 3080 nsque
641 3007 739 3065 denuo
760 3020 827 3065 cum
847 3005 951 3066 codice
973 3007 1107 3065 contulit.
1136 3007 1254 3078 reliqua
1277 3006 1367 3065 Adol-

149 3156 152 3162 .
220 3112 299 3187 plius
320 3110 521 3183 Kiessliupius
540 3115 571 3168 et
590 3124 646 3181 epo
667 3110 815 3188 coramuui
828 3123 921 3182 opera
935 3109 1157 3180 recopnoaimus
1171 3123 1265 3180 nepae
1274 3123 1367 3182 pror·

102 3286 115 3294 f
222 3228 286 3272 sum
306 3211 429 3283 frustra
451 3213 611 3286 insumpta,
634 3226 813 3285 quamquam
832 3195 975 3285 pluruma
998 3224 1018 3267 a
1043 3209 1195 3269 Wundero
1222 3216 1367 3269 accurate

222 3317 321 3374 relata
342 3312 412 3371 uidi.
453 3313 586 3372 'continet
606 3313 703 3371 codex
726 3312 875 3371 Ciceronis
891 3311 1100 3387 pitilosopltica
1122 3311 1275 3370 rltetorica
1297 3325 1367 3370 ora·

222 3418 327 3482 tiones,
356 3420 416 3474 tum
443 3415 638 3488 epistularum
666 3420 698 3474 ut
725 3417 777 3487 pul
803 3413 932 3473 indicem
958 3417 1135 3488 praeposuit
1160 3413 1262 3473 scriba
1289 3412 1369 3473 dicit
1422 3486 1437 3496 β

222 3518 312 3577 libros
339 3523 412 3585 tres,
441 3518 472 3574 in
500 3517 547 3576 itis
573 3519 717 3576 ultumam
744 3517 886 3590 epistulae
915 3514 959 3573 ad
987 3513 1181 3577 Octauianum
1207 3513 1368 3575 subiectam

222 3633 281 3677 non
308 3619 432 3678 rubrica
458 3623 511 3678 aut
531 3618 733 3693 splendidiore
761 3619 845 3677 titulo
871 3617 1041 3676 distinctam
1077 3616 1178 3688 Quinti
1209 3617 1368 3691 epistulam

223 3721 261 3780 de
277 3722 432 3795 petitione,
459 3735 538 3792 quoe
559 3736 578 3778 a
598 3719 677 3792 solio
700 3726 755 3778 186
778 3733 861 3778 verso
877 3720 1002 3793 popinis
1023 3717 1168 3790 bifariam
1190 3719 1293 3778 diuisis
1310 3735 1368 3793 per

222 3824 282 3881 tria
301 3820 381 3894 solia
397 3822 588 3896 producitur.
619 3824 650 3881 ia
670 3827 805 3893 extremo
827 3820 950 3880 additus
971 3825 1014 3879 est
1035 3821 1083 3879 ltic
1105 3821 1206 3880 tittdus
1227 3818 1266 3880 M.
1282 3819 1317 3878 T.
1335 3820 1365 3880 C.

222 3921 297 3984 libet
323 3922 360 3983 do
382 3928 534 4005 senectuto
556 3937 641 3996 quem
665 3923 737 3981 Cato
757 3924 893 3995 sequitur
915 3938 953 3981 ac
975 3921 1083 3999 deinde
1103 3921 1232 3981 Laelius.
1264 3921 1367 3982 Bero-

222 4027 331 4086 lincnsi
351 4025 407 4083 ltoc
428 4025 563 4083 meliores
584 4023 702 4084 codices
716 4026 816 4084 nullus
830 4024 1063 4085 commentarioli
1075 4024 1171 4083 editor
1190 4023 1234 4082 ad
1246 4037 1368 4083 manum

223 4128 335 4207 habuit.
379 4128 434 4185 etsi
459 4128 537 4186 enim
566 4128 680 4186 lem'ora
709 4128 896 4200 simpularum
923 4140 1064 4185 maxume
1091 4125 1287 4199 tenoremque
1313 4126 1368 4184 tit-

224 4235 357 4286 tcrarum
382 4227 559 4288 detrimenta
586 4229 690 4301 puelia
718 4229 903 4303 archetypam
926 4229 1039 4300 atr'ouot
1066 4228 1138 4287 locis
1156 4225 1277 4297 fecerat
1296 4226 1368 4285 lene

223 4328 490 4399 reconcinnuruut,
519 4331 627 4390 omissa
650 4336 748 4388 tamen
770 4332 801 4388 iu
822 4326 846 4410 5
869 4317 916 4387 45⁴
932 4327 1022 4387 uerba
1043 4343 1199 4402 ,reparare
1221 4343 1280 4387 non
1305 4343 1367 4402 pa-

223 4437 315 4489 tuere.
361 4445 451 4490 unum
474 4432 519 4493 illi
540 4430 770 4507 praeferremus
792 4430 923 4491 Puteani
948 4430 1057 4490 lilrrum
1085 4435 1226 4498 ueterem,
1255 4431 1287 4489 in
1308 4446 1368 4508 quo
