3304 5206
308 400 351 466 44
713 419 834 477 ovium
859 418 1042 467 clcnuoma

310 594 369 636 rron
393 575 513 636 brevem
536 583 565 635 et
587 576 820 653 suifragatoriam
844 576 894 636 sed
917 563 1029 638 sarnam
1048 584 1077 637 et
1092 585 1266 657 perpetuam
1283 578 1452 638 amicitiam.

258 700 290 748 27
309 678 397 745 nemo
421 687 485 754 erit,
509 685 580 746 milri
604 687 707 767 crede,
731 688 760 747 in
785 704 843 764 (luo
866 686 954 748 modo
977 686 1086 767 aliquid
1110 689 1161 755 sit,
1185 688 1236 767 qiu
1259 687 1315 748 ltoc
1338 697 1453 765 tempus

309 795 366 873 silai
393 795 525 856 oblatum
554 797 700 858 amicitiae
728 805 825 858 tecum
855 797 1078 859 constituendae
1106 798 1337 877 praetermittat,
1367 816 1452 876 prae·

308 907 410 967 sertim
440 925 507 967 curn
537 906 589 967 tibi
618 905 675 991 lroc
702 925 793 995 casus
815 908 931 977 allerat,
960 916 992 968 ut
1019 910 1029 968 i
1058 917 1155 969 tecum
1178 916 1295 987 petant,
1325 927 1451 987 quorum

309 1018 436 1076 amicitia
459 1024 509 1077 ant
530 1017 747 1078 contemnenda
771 1026 821 1078 aut
845 1018 982 1095 fugienda
1006 1020 1058 1089 sit,
1089 1026 1118 1078 et
1141 1020 1192 1095 qui
1215 1018 1271 1079 lroc
1294 1018 1373 1096 quod
1397 1036 1479 1096 egea

252 1165 266 1179 -
309 1136 336 1186 te
365 1126 484 1196 hortor,
514 1146 573 1188 non
604 1127 691 1187 ruodo
720 1130 840 1204 assequi
869 1136 915 1189 set
943 1147 981 1188 nc
1009 1130 1143 1208 incipere
1176 1128 1296 1206 quidem
1329 1131 1453 1208 possint.

256 1251 289 1299 28
308 1256 376 1298 tram
394 1238 449 1314 ilai
471 1238 593 1317 incipiat
620 1239 764 1299 Antonios
795 1237 929 1298 lromines
958 1238 1119 1317 adiungere
1146 1247 1234 1318 atque
1262 1241 1387 1301 invitare
1415 1239 1452 1300 ad

307 1349 479 1416 amicitiam,
510 1365 584 1424 qaros
607 1366 660 1426 per
684 1367 716 1408 se
738 1367 792 1408 suo
815 1351 936 1409 nomine
964 1348 1115 1428 appellare
1143 1368 1201 1408 riou
1225 1350 1335 1429 possiti
1380 1348 1452 1409 milri

307 1455 425 1532 «paridem
450 1455 521 1516 nihil
543 1457 661 1517 stultius
684 1457 800 1519 videtur
823 1477 910 1538 qnam
928 1460 1096 1519 existimare
1115 1478 1179 1520 esse
1202 1478 1268 1520 earm
1285 1459 1451 1519 studiosum
1518 1518 1523 1523 .

307 1567 365 1635 tui,
395 1583 482 1643 quem
507 1587 566 1627 non
590 1570 683 1628 noris.
735 1570 872 1629 eximiam
901 1569 1049 1646 quandam
1078 1568 1202 1647 gloriam
1226 1578 1255 1629 et
1277 1569 1450 1646 ‹ligaritatem
1466 1589 1492 1625 1o

307 1693 340 1736 ac
363 1694 463 1737 rerum
487 1670 636 1755 gestarum
660 1679 892 1757 magnitudinem
917 1698 981 1740 esse
1004 1686 1122 1758 oportet
1144 1680 1174 1739 in
1196 1696 1333 1754 ecquem
1356 1679 1451 1739 homi·

250 1823 252 1826 >
308 1805 361 1846 nes
383 1788 476 1864 ignoti
499 1788 588 1848 nullis
610 1788 841 1867 suifragantibus
865 1788 978 1850 honore
1001 1789 1144 1858 alliciaut;
1168 1797 1200 1849 ut
1222 1788 1341 1868 quidem
1362 1789 1451 1849 honio

306 1914 442 1973 nequam,
467 1899 557 1968 inem,
581 1901 646 1960 sine
661 1900 768 1973 allicio,
793 1901 858 1960 sine
878 1901 1007 1978 iugenio,
1032 1914 1099 1959 carm
1114 1899 1244 1967 inlamia,
1268 1897 1356 1959 nullis
1378 1899 1450 1959 ami·

306 2008 347 2066 cis
370 2006 522 2068 hominem
545 2007 742 2088 plurimorum
767 2010 864 2070 studio
887 2018 976 2087 atque
991 2010 1124 2087 omnium
1141 2009 1218 2070 irorra
1235 2011 1450 2070 existimatione

283 2120 451 2178 'rrrurritum
479 2128 668 2198 praecurrat,
703 2122 769 2181 sine
804 2105 910 2199 magna
945 2119 1032 2200 culpa
1067 2119 1265 2197 negligentiae
1297 2120 1361 2179 lieri
1389 2138 1449 2178 nori
1465 2135 1491 2174 15

204 2232 309 2285 villae
322 2234 428 2306 potest.
481 2229 707 2297 Quamobrem
730 2249 833 2292 omnes
857 2233 1007 2292 centurias
1030 2230 1131 2291 moltis
1153 2238 1181 2290 et
1205 2229 1291 2289 variis
1313 2229 1450 2289 amicitiis

305 2357 376 2399 cura
399 2345 431 2398 ot
453 2341 640 2402 confirmatas
663 2340 781 2403 habeas.
828 2349 859 2413 et
879 2343 1008 2420 primum
1031 2338 1062 2401 id
1085 2340 1163 2419 quod
1179 2348 1247 2401 arete
1270 2338 1372 2401 oculos
1395 2347 1448 2408 est,

372 2556 388 2603 2
397 2553 487 2616 fuerat
499 2554 563 2618 qnid
575 2555 628 2605 hoc
644 2551 647 2618 Ι
664 2558 679 2604 3
692 2556 836 2604 amiciciae
851 2554 856 2615 Ι
871 2555 1038 2605 tutiteeum
1055 2553 1059 2616 Ι
1075 2555 1090 2604 5
1104 2554 1232 2604 amicicia
1248 2551 1252 2618 l
1268 2556 1282 2603 7
1296 2553 1342 2617 qni
1356 2557 1449 2606 Geme-

304 2637 366 2671 rue:
384 2622 449 2687 qnid
475 2621 479 2685 Ι
506 2623 522 2672 8
546 2624 701 2672 amiciciam
730 2624 734 2684 Ι
762 2625 792 2672 11
816 2638 896 2687 quem
911 2624 1027 2673 ‘additam
1044 2623 1071 2672 ia
1088 2623 1113 2671 L
1138 2624 1143 2685 Ι
1172 2624 1203 2671 12
1227 2622 1307 2672 homo
1330 2636 1448 2686 nequam

306 2690 456 2740 Gulielmm:
474 2689 582 2741 homine
600 2693 653 2756 qua
668 2689 673 2756 Ι
690 2693 720 2742 13
737 2689 860 2756 infernal
880 2692 911 2740 16
929 2690 1065 2740 amiciciis

373 2861 388 2909 2
412 2859 518 2924 aliquid
541 2860 652 2909 uirtutis
675 2861 711 2909 sit
729 2861 752 2909 L
776 2865 840 2911 ‘uox
859 2860 971 2909 uirtutis
990 2862 1073 2910 deleto
1092 2866 1149 2909 erat
1166 2861 1193 2908 ia
1210 2858 1275 2909 libro
1294 2859 1362 2908 Aria.
1386 2858 1449 2907 Tur·

304 2928 364 2977 nebi
379 2944 414 2977 eac
431 2930 584 2978 auctoritate
603 2937 714 2978 ueterum
732 2929 788 2981 eorl.
807 2930 908 2993 intepra
930 2928 1093 2990 corriperebat
1115 2929 1141 2976 io
1159 2927 1321 2977 Memmiaao’
1346 2926 1448 2975 Lambi-
1498 2948 1503 2957 ·

304 3012 351 3044 inm
365 2994 370 3055 Ι
386 2998 401 3044 4
420 3010 478 3042 crim
497 2995 525 3043 id
544 2995 596 3044 tibi
614 3011 696 3045 castas
715 2998 724 3044 l
741 2999 774 3045 47
792 3000 825 3046 50
843 2999 892 3046 122
913 2999 1027 3046 124126
1041 2998 1045 3058 Ι
1061 2994 1109 3044 ubi
1126 2999 1216 3043 tecum
1236 2995 1259 3043 L
1276 3001 1383 3057 praeter
1394 2998 1427 3044 50
1442 2990 1446 3059 Ι

304 3068 390 3114 ssrrou
410 3063 488 3112 modo
510 3078 565 3112 non
590 3065 743 3127 assequih
770 3064 774 3125 Ι
801 3067 817 3114 9
840 3063 951 3113 stultius
974 3063 1043 3113 nihil
1067 3064 1090 3111 L
1112 3070 1220 3126 praeter
1243 3065 1276 3112 48
1294 3065 1326 3110 m
1353 3062 1357 3123 1
1385 3078 1447 3111 csse

225 3185 228 3190 ,
304 3148 350 3181 oni.
370 3130 394 3180 L
417 3129 421 3194 Ι
449 3133 481 3181 10
499 3128 563 3196 non]
585 3132 695 3181 minime
714 3134 722 3179 l
741 3136 775 3182 36
801 3129 804 3197 Ι
833 3134 864 3180 12
882 3132 988 3181 meritis
1004 3129 1301 3195 postsuffragontibus
1319 3132 1379 3179 odel.
1399 3128 1445 3193 Li

303 3203 335 3248 ut
352 3199 459 3264 quidem
477 3201 487 3248 l
504 3201 556 3248 60:
575 3214 692 3264 namque
711 3196 762 3261 (uel
779 3199 900 3264 nanque)
920 3204 949 3248 ut
968 3199 991 3246 L
1006 3197 1010 3263 Ι
1030 3199 1110 3248 homo
1128 3198 1203 3248 incra
1221 3199 1311 3248 oraieao
1329 3213 1447 3262 nequam

303 3266 327 3316 L
345 3267 425 3316 homo
443 3273 538 3316 tantum
560 3269 585 3316 V
613 3268 616 3329 Ι
637 3270 673 3316 ta
696 3282 755 3316 cum
774 3270 893 3319 inaxima
911 3267 1029 3315 infamia
1046 3269 1131 3316 cortex
1150 3267 1265 3316 Danielis
1283 3281 1388 3315 summa
1407 3266 1446 3314 in·

304 3334 392 3383 famia
410 3333 556 3385 Scaeuolae
582 3333 587 3399 Ι
615 3337 646 3384 14
669 3340 762 3400 septas
779 3344 839 3399 poet
856 3337 955 3384 amicis
973 3335 1076 3387 adalh
1101 3333 1106 3398 Ι
1135 3336 1166 3384 17
1188 3333 1282 3384 oculos
1305 3334 1386 3383 situm
1405 3339 1448 3383 cat

303 3571 430 3636 ponitur,
447 3571 475 3625 si
491 3571 602 3637 quidem
620 3587 676 3624 aaa
694 3586 769 3626 araus
781 3571 862 3625 homo
888 3571 920 3625 id
941 3571 1017 3638 arrad
1032 3569 1101 3625 bene
1117 3585 1223 3637 ponere
1248 3570 1322 3624 alter
1339 3570 1448 3624 dicitur

304 3638 862 3705 certasquenatuturaedpluresaatia-
888 3638 1030 3693 candidus
1054 3640 1167 3692 animus
1192 3652 1258 3692 ease
1281 3642 1372 3703 potest
1396 3638 1449 3692 sed

305 3708 384 3761 certi.
415 3705 494 3760 uelat
511 3705 609 3760 Cicero
627 3722 690 3760 cam
709 3706 804 3761 Cloelio
823 3707 862 3760 al·
888 3707 982 3772 ipsum
1010 3705 1183 3772 beneficiam.
1222 3706 1294 3760 haee
1322 3722 1389 3772 erpo
1415 3722 1446 3759 ex

305 3780 433 3828 tercatus
457 3773 546 3829 simile
571 3782 613 3828 ost
635 3774 715 3841 quasi
739 3773 811 3828 ‹licas
835 3774 861 3827 in
888 3774 978 3828 animo
997 3788 1078 3837 agere
1095 3773 1160 3827 licet
1177 3773 1212 3827 ab
1235 3775 1375 3828 uniuersa
1397 3773 1447 3827 illu
1537 3813 1548 3819 -
1631 3826 1632 3837 ,

306 3849 404 3910 operto
419 3839 505 3896 luisse
522 3843 676 3895 anamodo
687 3842 774 3897 lactine
788 3843 863 3896 aiau
889 3840 989 3907 Quinti
1005 3841 1210 3895 deliberatione
1227 3858 1285 3895 aon
1308 3842 1446 3896 abhorre-

304 3910 357 3965 aed
368 3909 545 3963 etiamtiaad
554 3909 641 3976 aaran
658 3909 767 3964 salsius
779 3926 862 3974 auram
889 3917 951 3971 eat,
981 3917 1073 3963 tamea
1098 3910 1229 3975 quoniam
1253 3926 1309 3976 qua
1334 3911 1447 3964 ratione

305 3978 332 4032 si
345 3977 402 4031 alla
418 3977 541 4031 leminis
559 3978 709 4031 accederet
720 3979 862 4044 cipailica·
888 3978 994 4031 cadant
1006 3979 1036 4030 in
1047 3976 1125 4031 ierac
1137 3977 1228 4031 locam
1246 3993 1303 4031 nou
1316 3978 1412 4040 uideo,
1430 3991 1446 4031 e

304 4046 350 4099 tio.
376 4061 476 4099 aeriam
489 4060 525 4099 ae
537 4045 614 4099 illam
626 4045 735 4110 atridem
748 4052 860 4098 senten·
888 4047 1016 4107 annaniae
1029 4051 1221 4110 recepta-esse
1237 4046 1268 4098 in
1282 4045 1447 4099 continuom

304 4115 372 4166 tiam
390 4128 550 4179 conpraere
567 4113 636 4166 milri
652 4112 862 4179 persuadebam
888 4114 1044 4167 orationem
1057 4115 1197 4178 suspicor.
1222 4129 1295 4178 areae
1308 4115 1447 4166 neminem

304 4197 368 4234 eam
386 4180 485 4246 Quinti
503 4180 655 4235 uoluntate.
685 4183 862 4246 neamenim
888 4179 1013 4247 rrffearlet
1025 4183 1053 4234 ai
1064 4183 1106 4234 aie
1117 4181 1255 4246 procedat
1265 4179 1347 4235 modo
1361 4187 1392 4233 ut
1404 4179 1447 4232 in·

304 4251 449 4302 sinceram
473 4253 503 4302 in
523 4248 710 4302 conciliandis
728 4248 862 4301 amicitiis
888 4248 1002 4314 tellcgat
1019 4256 1046 4303 te
1064 4249 1154 4313 aragul
1179 4249 1324 4302 aestimare
1342 4246 1446 4313 benefi-

302 4313 861 4382 sidematmapaiMareuaaestimamui·
887 4318 961 4370 eiam
974 4315 1046 4369 illuri
1058 4332 1092 4369 ac
1109 4318 1308 4380 promeritum,
1329 4313 1398 4368 berre
1415 4330 1447 4367 sc

304 4385 416 4447 (letatur,
434 4386 507 4438 tanti
518 4385 645 4444 interest,
660 4385 761 4449 artemi
770 4385 861 4449 ipsam
887 4399 999 4460 pumero,
1015 4382 1074 4437 loro
1088 4400 1117 4437 cx
1132 4399 1164 4437 eo
1178 4393 1340 4451 perpetuam
1353 4381 1446 4436 ararici·

304 4453 366 4507 rias
383 4467 465 4518 quem
482 4457 565 4518 rapot
584 4453 747 4512 amicitiam,
772 4467 861 4518 neam
888 4452 961 4506 tiara.
