3304 5206
491 376 820 425 COMMENTARIOLVM
843 376 1042 427 PETITIONIS
1292 358 1335 425 43

190 535 358 617 elaborato,
388 554 425 596 nc
449 554 502 616 spe
523 536 555 596 in
577 534 674 616 aliquo
698 535 809 595 maiore
836 535 932 614 posita
961 533 1099 614 praesidii
1126 552 1233 613 parum
1254 553 1335 594 com-
1362 518 1485 585 *nomia

190 652 321 726 paretur.
430 646 467 707 Et
487 664 666 726 quamquam
689 646 782 725 partis
804 663 838 705 ac
860 645 988 707 fundatis
1010 645 1146 706 amicitiis
1168 644 1275 705 iretum
1299 655 1438 705 acv1125
1531 662 1534 669 ’

107 780 110 791 ·
189 758 337 817 munitum
361 775 429 817 esse
450 762 580 836 oportet,
611 763 709 816 tamen
732 757 763 816 in
786 757 849 835 ipsa
872 757 1015 834 petitione
1037 754 1337 835 amicitiacpermul·

190 873 237 928 tae
260 886 294 928 ac
316 865 460 946 perutiles
483 877 703 947 comparantur.
748 884 817 941 nam
839 867 869 925 in
893 866 999 927 ceteris
1020 863 1161 926 molestiis
1176 864 1265 925 habet
1280 864 1336 926 hoc

162 984 290 1037 atamen
312 978 415 1056 petitio
438 977 601 1038 commodi:
631 984 716 1057 potes
740 975 881 1061 honeste,
911 975 991 1053 quod
1007 970 1049 1036 *in
1077 983 1175 1037 cetera
1199 977 1254 1036 vita
1276 995 1336 1036 nen

190 1104 297 1165 queas,
328 1104 534 1167 quoscumque
564 1085 648 1156 velis,
677 1086 839 1164 adiungere
862 1086 897 1150 ad
921 1087 1089 1156 amicitiam,
1114 1085 1289 1165 quibuscum
1312 1088 1337 1146 si
1395 1160 1400 1169 ι

191 1195 249 1256 alio
279 1204 414 1276 ternpore
443 1215 526 1276 agas,
556 1197 685 1258 absurde
713 1198 811 1258 lacere
841 1197 988 1269 videare„
1008 1198 1038 1256 in
1066 1198 1208 1276 petitione
1236 1204 1335 1257 autent

194 1308 252 1381 nisi
275 1307 304 1367 id
327 1308 418 1368 iacias
441 1315 470 1367 et
493 1327 559 1368 curn
582 1307 684 1368 multis
707 1315 736 1368 et
758 1307 928 1386 diligenter,
959 1306 1055 1368 nullus
1077 1309 1186 1387 petitor
1209 1325 1273 1367 esse
1296 1308 1336 1366 ri·
1399 1340 1437 1381 μ
1468 1314 1484 1359 Γ
1510 1338 1529 1368 n

192 1416 291 1478 deare.
338 1435 392 1496 ego
417 1425 514 1479 autem
538 1417 592 1478 tibi
614 1418 671 1479 lroc
694 1419 852 1488 confirmo,
885 1435 949 1478 esse
972 1419 1135 1487 neminem,
1160 1418 1217 1478 nisi
1239 1417 1337 1496 aliqua
1355 1417 1388 1465 26

150 1545 176 1584 ιο
193 1527 412 1589 necessitudine
439 1530 668 1607 competitorum
697 1528 785 1590 alicui
812 1536 930 1589 tuorum
964 1529 1002 1616 sit
1029 1527 1199 1597 adiunctum
1233 1508 1250 1589 ai
1278 1547 1336 1608 quo

192 1657 253 1699 non
277 1636 363 1699 lacile
387 1640 412 1699 si
435 1639 635 1710 contenderis,
659 1641 819 1720 impetrare
842 1641 946 1720 possis,
971 1646 1004 1699 ut
1025 1657 1078 1699 suo
1101 1637 1245 1699 beneficio
1267 1657 1336 1719 pro-

191 1755 360 1818 mereatur,
389 1768 421 1808 se
451 1757 484 1810 ut
506 1768 587 1810 ames
610 1758 639 1810 et
661 1749 719 1810 sihi
747 1758 779 1810 ut
808 1749 932 1819 debeas;
962 1749 1050 1810 modo
1078 1758 1111 1810 ut
1137 1749 1281 1828 intelligat
1307 1757 1337 1808 te

192 1860 290 1936 magni
318 1860 475 1920 aestimare
504 1861 662 1920 exanimo
690 1879 795 1939 agere,
824 1860 901 1921 bene
930 1879 961 1921 se
990 1878 1118 1940 ponere,
1147 1859 1211 1920 loro
1242 1876 1336 1919 exeo

259 2062 410 2113 Lamicino
427 2064 475 2112 sed
492 2062 518 2113 ci
534 2079 614 2126 super
632 2064 660 2112 iu
677 2064 792 2128 scriptae
819 2060 823 2127 Ι
849 2063 1028 2114 3amicioine
1056 2059 1060 2129 Ι
1086 2060 1335 2128 4οοιιιριιιιιῐι11ιιΙ

191 2131 318 2180 ὂϊιωειι
335 2130 440 2180 noticio
465 2127 472 2194 Ι
498 2129 568 2180 cao
585 2131 766 2181 inimiciciam
792 2129 796 2196 Ι
823 2133 838 2182 7
863 2131 957 2195 aliquo
981 2129 985 2195 Ι
1015 2131 1153 2197 peticione
1181 2130 1185 2195 Ι
1211 2131 1337 2183 Siccius

190 2200 303 2263 scripsi:
322 2213 392 2264 agas
414 2214 462 2265 quo
479 2206 583 2249 seruato
607 2201 738 2250 delendum
756 2205 814 2249 erat
830 2199 858 2249 id
885 2198 890 2265 Ι
913 2199 1015 2250 nullius
1042 2197 1047 2264 Ι
1075 2202 1106 2250 13
1125 2214 1224 2266 magne
1243 2199 1337 2250 existi·

191 2282 267 2316 mara

261 2455 274 2502 1
293 2452 385 2503 uideto
404 2455 464 2503 148
482 2457 514 2503 49
533 2457 566 2503 50
585 2457 614 2503 et
630 2453 725 2503 uidete
744 2456 753 2502 l
771 2456 806 2503 38
825 2458 853 2502 et
872 2453 964 2504 uideto
983 2457 992 2503 1
1009 2455 1102 2520 reliqui
1126 2453 1130 2516 Ι
1158 2457 1173 2502 2
1192 2458 1220 2504 et
1237 2454 1337 2504 funda·

193 2521 229 2572 tia
247 2521 272 2570 L
287 2518 291 2586 Ι
307 2523 322 2570 3
341 2527 481 2586 oporteret
499 2521 524 2570 L
538 2530 647 2586 praeter
665 2524 701 2572 35
719 2524 754 2571 38
771 2525 804 2570 50
823 2525 872 2570 117
888 2520 892 2585 Ι
907 2523 923 2572 5
940 2521 1038 2587 petitio
1056 2538 1102 2575 om.
1122 2525 1132 2572 t
1149 2525 1166 2572 3
1181 2519 1186 2587 Ι
1201 2526 1232 2571 ut
1250 2522 1337 2586 possIs

192 2590 217 2639 L
234 2590 282 2639 sed
298 2591 328 2638 ut
345 2604 392 2639 om.
412 2592 429 2638 3
449 2593 483 2640 36
502 2592 537 2639 38
562 2587 567 2654 Ι
594 2593 608 2640 7
628 2605 697 2654 agas
715 2595 746 2638 ut
764 2594 791 2638 te
809 2593 922 2639 utuntur
940 2589 1057 2656 absurde
1076 2591 1101 2639 L
1125 2590 1129 2653 Ι
1155 2590 1337 2655 inpetitione

191 2672 271 2725 usque
289 2657 402 2706 adesse
421 2657 535 2706 uideare
554 2674 600 2708 om.
624 2658 647 2706 V
674 2654 678 2719 Ι
705 2656 841 2707 annilius
859 2660 916 2707 138
942 2654 946 2721 Ι
972 2652 1098 2707 tiautem
1117 2674 1164 2710 om.
1183 2660 1245 2708 138
1264 2661 1312 2707 117
1332 2655 1335 2723 Ι

191 2725 247 2775 nisi
265 2724 289 2773 si
307 2727 316 2774 I
333 2727 367 2774 47
384 2727 418 2774 511
436 2728 486 2774 122
505 2728 556 2775 124
574 2725 643 2786 1281
660 2729 692 2776 10
710 2725 751 2774 sio
770 2725 927 2783 adiunctum
947 2729 956 2774 t
974 2728 991 2776 3
1011 2724 1015 2791 Ι
1036 2728 1067 2775 12
1086 2730 1117 2775 ut
1134 2733 1272 2776 extremum
1289 2740 1336 2780 orit,

193 2793 217 2842 L
234 2798 341 2856 praeter
360 2794 394 2842 36
413 2795 514 2842 38117
540 2792 544 2857 Ι
570 2793 757 2858 intelligenti
776 2796 792 2842 3
812 2796 846 2843 36
864 2797 898 2843 47
916 2796 966 2842 127

240 2999 255 3043 7
272 2999 348 3061 agas]
367 3002 398 3048 ut
417 3001 444 3047 te
462 3001 574 3049 utantur
591 2994 709 3050 additur
721 2996 750 3048 in
774 3012 830 3062 pro
843 2996 953 3051 duobus
966 2998 1066 3050 incisis
1079 2995 1155 3052 inter
1171 3013 1202 3052 se
1212 2998 1337 3064 paribus

192 3061 275 3131 tibris
303 3062 495 3117 deterioribus
526 3078 667 3130 perquam
702 3062 751 3117 ab·
778 3063 1337 3132 HammeliusetHoffahabueruntque

193 3131 291 3192 sarde,
306 3129 676 3187 nameontrarialaaecres
691 3133 750 3195 api·
778 3148 843 3186 rum
870 3130 917 3185 tric
946 3133 984 3185 ad
1011 3132 1156 3188 aestimare
1180 3134 1337 3200 adscripsit
1424 3176 1429 3183 .

193 3204 242 3251 tur
259 3202 290 3252 ut
305 3196 426 3252 Marcus
443 3196 557 3252 illorum
574 3213 663 3264 opera
688 3204 750 3253 uta·
778 3201 943 3254 ‘amicitiam
955 3199 1088 3256 illorum’.
1105 3203 1336 3267 sedauantome·

194 3271 250 3321 tur.
285 3265 387 3319 deinde
409 3272 502 3320 autem
528 3267 558 3319 in
583 3266 629 3321 lais
650 3266 703 3320 nisi
724 3266 751 3320 iil
778 3268 834 3322 iius
847 3269 975 3322 rationes
987 3265 1084 3322 Marci
1099 3275 1127 3323 et
1144 3271 1207 3324 eius
1219 3285 1338 3336 quocum

195 3347 259 3398 agas
275 3348 433 3398 pronomen
448 3349 502 3399 quo
520 3340 652 3400 spectare
668 3338 750 3401 puta·
779 3340 880 3400 apetur
889 3340 917 3390 et
925 3337 1074 3401 utriusque
1084 3339 1240 3392 eommunis
1250 3353 1336 3403 ospn·

194 3400 284 3455 bimus
301 3400 414 3455 sublata
435 3402 492 3455 ista
515 3401 751 3468 interpolatione?
779 3404 858 3458 detos
874 3409 1084 3469 componuntur
1101 3412 1127 3458 te
1145 3406 1237 3471 magni
1255 3405 1337 3460 aesti-

197 3467 378 3535 Tpdemanus
388 3470 475 3535 ipitur
484 3471 515 3523 in
524 3470 638 3524 schedis
648 3469 675 3523 nt
685 3486 751 3535 quo·
778 3485 860 3533 mare,
874 3469 943 3525 bene
956 3487 986 3525 sc
999 3487 1111 3538 ponere,
1125 3471 1187 3526 lore
1200 3488 1232 3527 ex
1245 3489 1278 3528 eo
1291 3471 1336 3526 sn·-

194 3550 247 3601 pue
259 3536 351 3591 deleri
362 3538 454 3591 iussit.
479 3542 509 3591 at
521 3536 752 3601 niidiiocipsum
779 3553 849 3591 mam
866 3537 1023 3600 amicitiam,
1042 3545 1121 3594 tanto
1137 3539 1253 3607 foedius
1266 3541 1338 3596 iilud

190 3618 349 3669 pronomen
367 3607 397 3658 in
409 3619 516 3659 caussa
530 3605 646 3660 uidetur
656 3605 751 3672 fuisse
778 3611 821 3660 est
845 3605 967 3660 duorum
990 3612 1159 3663 commatum
1183 3608 1222 3662 ad
1241 3607 1338 3663 Marci

195 3686 249 3725 cur
272 3673 368 3737 priori
387 3675 535 3727 enuntiato
557 3672 640 3728 desse
663 3672 752 3727 uerba
779 3674 918 3727 rationem
940 3675 1144 3738 pertinentium
1167 3677 1335 3741 asyndeton.

194 3739 333 3804 quaedam
350 3741 459 3806 opinati
475 3756 612 3794 summam
630 3742 752 3795 aetionis
779 3746 861 3806 atque
885 3743 961 3795 inter
985 3741 1146 3796 aestimandi
1169 3749 1197 3798 et
1216 3743 1336 3811 ponendi

195 3813 253 3860 tam
268 3806 361 3873 futtili
377 3813 544 3873 orpumento
561 3808 751 3863 declararent.
779 3808 868 3863 uerba
885 3809 990 3864 obiecto
1007 3813 1139 3864 carentia
1155 3812 1252 3866 eodem
1264 3812 1339 3878 quod

195 3875 289 3996 itaque
311 3890 468 3942 pronomen
496 3876 608 3996 puidam
631 3877 755 3931 seruaui
778 3891 818 3930 ex
831 3877 939 3931 uicinia
952 3880 1064 3932 arcessi
1077 3883 1194 3944 oportet,
1208 3879 1280 3934 male
1293 3882 1336 3934 in-

195 3956 225 3996 se
257 3958 321 4008 agas
335 3944 444 3997 mutaui
457 3945 487 3996 in
512 3943 592 3998 acius.
622 3944 753 3999 similiter
780 3945 952 3999 tericiuntur
980 3945 1052 4000 iaec
1077 3962 1108 3999 ex
1139 3947 1230 4002 animo
1254 3962 1336 4013 agere

196 4011 225 4063 in
237 4006 257 4076 ἕ
269 4015 303 4061 45
319 4009 395 4077 qnod
413 4018 525 4064 acturos
543 4010 580 4064 sis
599 4029 617 4065 a
633 4011 752 4065 Baitero
779 4027 867 4067 sensu
878 4013 1337 4080 uerbisqueexpletoetpersecta.

195 4083 354 4132 correctum
367 4077 543 4133 estlacturns
554 4080 620 4132 etin
630 4079 753 4145 epistula
778 4079 824 4134 tris
837 4080 1056 4147 difficultatibus
1072 4079 1199 4136 Orellins
1217 4084 1258 4136 ita
1270 4082 1336 4137 sub-

195 4143 291 4199 Marci
307 4145 347 4199 ad
363 4143 497 4210 Quintum
514 4143 608 4210 111⁵,
623 4151 640 4196 3
657 4162 752 4214 quarn-
781 4148 859 4202 uenit
869 4149 1336 4216 utagereinfinitiuumsubiunpe-

195 4226 277 4278 quam
290 4229 305 4268 a
319 4221 346 4267 te
358 4221 445 4266 actam
458 4211 585 4267 laltellam
599 4212 681 4268 uideo
693 4230 753 4268 esso
780 4220 824 4269 ret
838 4230 1014 4282 praepresso
1031 4216 1175 4270 aestimare
1200 4216 1239 4271 nd
1261 4216 1337 4271 hanc

195 4278 295 4335 lestiue
324 4281 530 4335 emendandum
562 4296 626 4337 esse
655 4280 753 4336 lactum
780 4284 949 4337 sententiam
972 4282 1077 4338 Marcus
1102 4283 1193 4351 magni
1212 4284 1337 4340 aestimat

194 4347 267 4400 disci.
781 4349 926 4406 exanimo
951 4366 1042 4416 agere,
1079 4353 1109 4405 in
1133 4351 1233 4416 cuibus
1254 4366 1336 4418 agore

230 4420 264 4466 13
275 4415 524 4484 niagniaestirnare,
536 4432 567 4472 ex
575 4417 752 4489 anirnoagcrc
780 4420 842 4474 sinc
860 4422 1027 4477 aecusatino
1043 4419 1238 4488 prenominati
1259 4426 1336 4478 reete
1412 4464 1415 4469 .
