3304 5206
292 411 333 474 36
694 426 816 485 ovium
839 426 1023 475 orcuuoxxs

293 584 455 672 amicorum
479 585 509 642 in
533 584 675 661 petitione
698 581 783 643 latins
806 590 885 660 petet
907 598 995 662 quam
1018 582 1047 642 in
1071 589 1169 642 cetera
1194 584 1259 642 rito.
1304 583 1438 663 quisquis

294 701 338 783 ost
361 695 438 781 enirn
463 694 513 771 qrri
536 692 672 753 ostendet
693 692 801 772 aliquid
825 695 854 752 in
878 701 907 753 te
932 691 1102 761 vottxntetis,
1128 693 1179 770 qui
1202 691 1288 781 colat,
1313 694 1361 781 qui
1384 692 1436 751 do·

292 822 371 863 rrrrrm
396 804 579 891 ventitctpis
602 798 764 863 amicorum
793 806 824 862 in
848 821 973 864 nxrmcro
997 780 1044 864 est
1063 801 1226 864 habendus.
1272 811 1316 862 sel
1339 809 1437 862 temen

292 916 341 992 qni
371 921 440 974 sunt
467 915 552 974 amici
582 892 733 980 excausa
764 890 886 976 iustiore
920 914 1106 990 cognationis
1134 919 1184 972 aut
1212 910 1360 973 uiduitatis
1388 919 1439 972 eut

292 1023 454 1084 sodalitatis
477 1030 528 1083 etit
550 1023 674 1083 alicuius
697 1022 936 1090 necessitudinis,
962 1023 986 1083 is
1009 1041 1112 1084 carrum
1135 1031 1164 1083 et
1186 1022 1348 1083 iucundum
1372 1034 1464 1082 essct

242 1137 420 1195 tumaxime
442 1133 573 1213 prodest.
619 1133 726 1194 deinde
754 1142 786 1193 ut
815 1134 938 1214 quisque
968 1142 1014 1193 est
1035 1135 1157 1193 intimus
1179 1151 1213 1194 ec
1236 1134 1363 1192 maxime
1386 1132 1438 1191 do-

292 1247 450 1333 mesticus,
482 1251 514 1303 ut
540 1246 566 1303 is
595 1245 681 1304 etiem
710 1263 796 1325 quam
826 1243 1041 1324 ernpiissimum
1071 1261 1137 1304 csse
1160 1250 1189 1301 tc
1212 1243 1325 1321 cupiat,
1355 1241 1437 1303 valde

293 1354 505 1415 elaborandum
528 1361 587 1420 est;
611 1361 671 1414 tum
697 1361 729 1412 ut
750 1352 883 1422 tribules,
907 1360 940 1414 ut
961 1355 1064 1422 vicini,
1089 1362 1119 1413 ut
1142 1352 1274 1426 clientes,
1300 1360 1332 1415 ut
1354 1352 1436 1412 deni-

292 1481 350 1543 que
373 1463 486 1532 liberti,
510 1472 662 1542 postremo
686 1465 773 1524 etiem
795 1465 873 1523 servi
896 1466 952 1532 tui,
982 1481 1050 1524 nam
1075 1462 1137 1524 lere
1161 1464 1257 1524 omnis
1279 1460 1377 1523 sermo
1400 1461 1436 1522 ed

243 1584 274 1632 18
292 1575 440 1634 larensem
470 1575 577 1635 sumam
607 1593 622 1633 a
651 1573 821 1635 domesticis
844 1582 961 1634 emanat
989 1572 1170 1634 auctoribus.
1215 1573 1344 1655 (lenique
1367 1580 1437 1632 sunt
1451 1587 1477 1624 10

977 1729 985 1753 θ

361 1798 373 1844 1
387 1795 526 1860 peticione
540 1793 544 1857 Ι
563 1794 578 1843 2
592 1794 651 1859 quis
663 1794 792 1844 ostendat
807 1794 811 1858 Ι
826 1798 842 1845 3
855 1794 981 1845 uenditet
994 1793 997 1857 Ι
1016 1795 1043 1843 in
1062 1796 1194 1845 emmaum:
1213 1803 1272 1845 ante
1289 1794 1436 1843 amicorum

295 1863 356 1912 Itali
373 1865 506 1925 addidere,
524 1871 584 1927 pust
602 1865 664 1912 iltnd
680 1862 815 1928 Kayser-us
839 1860 843 1926 Ι
871 1864 1073 1927 daegnitionis
1098 1862 1101 1925 Ι
1131 1862 1208 1913 dhis
1235 1860 1239 1924 Ι
1267 1858 1436 1928 iocundum}

292 1932 410 2062 1ἸΙθΟΙίἓιτΙι
420 1946 511 2049 ligium
531 1930 728 1997 amplissimum
739 1933 835 1994 scripsi
842 1947 852 1979 ε
871 1935 945 1981 amet
957 1931 1027 1995 quod
1042 1929 1239 2030 amplissimum
1256 1929 1259 1994 Ι
1275 1933 1291 1981 8
1305 1945 1367 1980 esse
1380 1933 1436 1980 tum

360 2205 376 2251 3
395 2204 419 2250 is
438 2203 465 2250 in
485 2203 632 2252 amicorum
651 2218 764 2253 numero
782 2203 805 2251 L
823 2200 827 2265 Ι
850 2202 994 2252 liabendus
1013 2207 1054 2252 est
1076 2204 1103 2251 V
1115 2204 1119 2266 Ι
1138 2204 1154 2251 4
1172 2202 1331 2252 honestiore
1349 2203 1373 2251 L
1391 2204 1439 2252 sed

293 2271 431 2333 questoris
451 2287 501 2318 rina
519 2287 572 2325 erius
588 2273 674 2332 plesse
691 2269 841 2321 honestiori
861 2274 896 2321 38
919 2272 1058 2335 questiore
1081 2272 1109 2320 V
1124 2271 1266 2334 questione
1288 2271 1312 2319 T
1333 2271 1336 2334 Ι
1361 2268 1435 2335 bet]

292 2339 344 2386 hac
363 2341 372 2385 t
391 2342 425 2389 36
444 2341 546 2388 38117
572 2334 575 2401 Ι
603 2340 679 2387 dest
696 2354 742 2388 om.
762 2340 786 2388 L
803 2347 911 2402 praeter
930 2343 964 2389 36
981 2343 1014 2387 50
1037 2338 1042 2402 Ι
1072 2339 1191 2402 optimus
1209 2340 1232 2388 L
1250 2345 1357 2403 praeter
1374 2341 1407 2387 50
1432 2344 1435 2402 Ι

293 2407 306 2454 7
327 2407 349 2453 is
369 2412 442 2454 amet
461 2406 574 2470 quisque
594 2405 782 2457 fidelissimum
803 2422 863 2455 esse
883 2412 910 2455 te
930 2408 1061 2470 cupiatL
1079 2408 1128 2455 nisi
1145 2408 1213 2470 qiead
1232 2408 1437 2467 sessaunico,

292 2477 325 2522 dd
344 2478 417 2521 uiuet
437 2479 464 2521 et
484 2489 563 2537 qurum
583 2473 777 2536 amplissimum
795 2474 941 2524 substituit:
962 2474 1086 2523 ‘intimus
1106 2489 1139 2522 ae
1158 2474 1274 2522 maxime
1292 2476 1330 2523 sle
1346 2473 1439 2523 iubent

293 2544 342 2591 dem
361 2542 421 2590 lidrt
436 2543 604 2604 rrirrnrmeripti
620 2548 645 2590 et
662 2543 699 2591 ita
717 2544 874 2592 emendatum
891 2550 930 2591 est
952 2543 978 2590 in
1000 2543 1088 2591 codice
1106 2541 1217 2590 Memmii
1239 2548 1264 2590 et
1285 2543 1351 2593 Adr.
1373 2540 1436 2589 diu·-

292 2611 350 2657 uetn'
364 2619 389 2657 et
410 2611 521 2671 Leodep.
542 2608 644 2668 (luant.
668 2611 694 2658 in
712 2612 806 2659 endem
822 2610 895 2660 libris
913 2610 1067 2659 emendatum
1085 2612 1160 2659 etiam
1178 2617 1217 2658 est
1236 2617 1263 2658 et
1281 2624 1362 2673 quarn
1382 2624 1437 2657 am·

291 2678 442 2741 piissimum
462 2693 522 2727 esse
542 2684 571 2725 te
582 2678 687 2739 cupiat’
707 2678 843 2727 Lambinus
865 2675 869 2740 Ι
893 2680 910 2726 8
928 2673 980 2741 eet]
999 2682 1065 2741 puto
1085 2678 1108 2725 l,
1120 2684 1226 2739 praeter
1244 2680 1278 2725 48
1295 2679 1328 2726 43
1350 2675 1354 2739 Ι
1380 2682 1437 2725 tum

291 2762 337 2794 arri.
357 2749 365 2794 l
384 2748 401 2793 3
420 2748 456 2794 36
474 2748 508 2794 38
526 2747 560 2792 47
579 2749 627 2793 117
645 2747 695 2793 127
719 2743 722 2807 Ι
753 2746 860 2795 9serui
877 2742 930 2810 toi}
955 2745 1074 2794 seruitus
1093 2745 1116 2793 L
1134 2751 1241 2807 preater
1258 2747 1292 2793 48
1310 2747 1343 2793 49
1361 2747 1394 2793 50
1412 2751 1437 2793 et

293 2814 335 2877 qrri
353 2814 500 2862 seruitutcs
517 2812 610 2873 hadent
630 2816 647 2863 3
665 2816 716 2861 127
734 2810 737 2876 Ι
753 2815 784 2862 10
802 2812 903 2861 deinde
921 2817 930 2861 l
948 2816 982 2861 38
1001 2814 1100 2861 47117
1120 2816 1169 2861 122
1188 2815 1240 2861 124
1258 2815 1309 2860 126

337 3037 352 3081 7
375 3039 406 3085 ut
422 3030 445 3085 is
467 3039 540 3086 amet
563 3040 590 3086 et
611 3048 692 3099 quarn
718 3030 853 3100 arrrplissi·
880 3033 1033 3095 luramiei,
1047 3033 1142 3086 eiiam
1156 3030 1436 3098 aanopasestMar·

292 3116 366 3153 xnunx
381 3115 440 3154 esse
454 3100 593 3169 tecupiut]
605 3100 851 3166 italrueeuotpuu-
879 3115 912 3154 eo
929 3100 1078 3154 cleiboratu
1100 3105 1130 3154 ut
1152 3115 1183 3155 se
1206 3105 1311 3161 arment,
1336 3101 1438 3154 intumi

294 3175 343 3222 tur
355 3167 515 3221 consimilia
528 3167 667 3234 epistulae
681 3166 855 3223 Brutinael
878 3170 952 3221 enim
971 3184 1006 3221 ee
1023 3183 1157 3229 maarrme
1178 3167 1326 3223 domestici
1348 3170 1396 3234 aui
1419 3186 1436 3221 a

294 3240 335 3298 11,
350 3241 365 3285 2
378 3235 492 3302 proprie
505 3234 731 3303 [nuntiantesque
744 3244 772 3290 tc
782 3250 851 3302 roga
873 3237 1054 3290 'raecessariis
1078 3251 1113 3290 ac
1128 3235 1248 3303 famulis
1264 3236 1435 3291 discernun-

293 3311 324 3357 ut
336 3302 459 3358 Veterem
473 3319 545 3357 ames
560 3302 686 3371 uelisque
696 3319 757 3358 esse
769 3318 851 3371 quarn
878 3309 935 3366 tar,
948 3319 1064 3369 ceptrum
1078 3303 1162 3357 ailiam
1176 3304 1208 3357 od
1221 3314 1355 3358 caussam
1370 3308 1438 3358 sunt

294 3369 500 3438 amplissimum,
515 3387 570 3424 non
582 3371 732 3425 dissimilia
744 3373 851 3436 epistu-
878 3387 913 3425 ue
926 3378 1069 3425 noceantur
1081 3388 1164 3436 auam
1176 3371 1251 3437 qaod
1259 3378 1373 3424 amant?
1387 3385 1436 3424 ne·-

294 3438 339 3497 lae
352 3440 459 3491 Antoni
470 3440 509 3492 ad
519 3438 682 3493 Ciceronem
694 3440 724 3493 in
735 3441 852 3492 Atticia·
879 3454 931 3504 aere
943 3441 1032 3503 ipitur
1043 3440 1184 3495 sententia
1194 3444 1305 3493 constat
1315 3440 1373 3492 nisi
1383 3437 1437 3492 leae

294 3508 340 3561 uis
354 3506 410 3559 Xd
423 3508 476 3559 Aa
493 3506 542 3573 qui
560 3515 587 3561 te
600 3507 651 3561 etsi
669 3523 724 3562 nun
743 3505 851 3568 ornabit,
879 3508 1023 3561 (adiciatur
1044 3509 1197 3561 minumum
1220 3513 1251 3560 ul
1272 3506 1295 3559 is
1319 3514 1391 3560 uniet
1408 3512 1437 3559 te

295 3583 384 3629 tomen
398 3573 505 3628 saluum
519 3572 774 3641 urrrplissixuumque
791 3589 853 3628 esso
879 3591 986 3629 summo
1012 3591 1103 3641 opere.
1143 3575 1195 3629 sed
1217 3575 1315 3628 otiosis
1340 3572 1437 3627 aeriis

275 3643 394 3709 ,cupiet
426 3657 527 3695 ueram
540 3649 680 3707 repupnat
695 3658 853 3708 pronomen
879 3658 951 3709 quare
968 3644 1143 3708 catapleatur
1159 3641 1292 3696 lacunam
1313 3657 1364 3707 epo
1381 3646 1438 3695 sta-

291 3725 385 3775 praue
403 3709 584 3771 collocatam,
607 3711 682 3776 quod
699 3710 731 3763 K
730 3726 854 3775 apserus
880 3719 960 3765 tuere
974 3711 1048 3763 rariter.
1067 3712 1149 3764 immo
1161 3712 1191 3764 in
1202 3708 1437 3775 rrrcdetppolidro

293 3779 481 3831 carceinnitati
519 3780 659 3832 sermonis
700 3780 853 3833 consulens
878 3777 973 3844 fuisse
986 3779 1088 3843 opinor
1107 3786 1136 3832 ut
1153 3778 1175 3830 is
1194 3786 1221 3832 et
1237 3777 1312 3845 quod
1326 3776 1437 3844 aruntis·

293 3845 598 3914 demptumeclaasula
607 3848 749 3900 enuntiati
757 3854 853 3900 trans·
880 3845 990 3907 simum,
1009 3853 1067 3900 tum
1083 3847 1258 3911 adscriptam
1282 3862 1337 3911 qua
1360 3842 1436 3911 quud

294 3913 358 3966 tulit
377 3920 443 3978 post
463 3921 541 3967 curret.
581 3929 744 3979 repupnare
768 3915 852 3968 etiam
879 3913 1082 3968 emendaretur
1094 3912 1293 3978 irrrrspiludum,
1307 3912 1372 3967 iude
1385 3928 1436 3965 nu-

293 3983 463 4034 sententiam
476 3983 617 4035 existimo.
640 3998 706 4036 nam
719 3983 749 4034 ia
761 3984 853 4047 prima
879 3987 936 4035 tam
954 3981 1153 4036 Baralinensis
1171 3981 1277 4035 codicis
1294 3981 1436 4045 depraua-

291 4064 398 4114 penere
417 4051 531 4115 cappati
548 4050 658 4116 adfines
675 4049 789 4103 sodales
806 4051 853 4102 de·
880 4051 992 4103 tionem.
1010 4047 1107 4103 Italici
1119 4054 1212 4102 aulem
1225 4051 1309 4102 etiarn
1321 4047 1437 4113 foedius

293 4118 378 4182 reique
389 4132 486 4172 omues
496 4118 643 4172 ducuntur
652 4119 701 4183 aui
705 4119 761 4171 etsi
769 4119 856 4170 amici
879 4119 1021 4182 inquinati
1031 4117 1103 4172 llaec
1114 4116 1178 4182 fere
1192 4131 1288 4170 omrzes
1298 4116 1457 4181 praebent.

294 4193 362 4238 sum
375 4200 482 4239 caussa
494 4187 651 4239 iustissima
665 4186 854 4239 necessitudi-
882 4191 913 4238 ut
925 4184 947 4238 is
960 4192 1033 4238 eruet
1044 4184 1163 4251 utrisque
1175 4181 1364 4238 tidelissimum
1376 4198 1438 4237 esse

294 4254 350 4313 riis,
365 4270 420 4307 asu
434 4259 526 4307 temen
544 4255 623 4307 uenit
639 4258 758 4319 propter
775 4255 853 4319 inpe-
882 4259 909 4306 le
927 4252 1027 4319 cupiet.
1060 4252 1150 4305 eidem
1168 4253 1197 4305 in
1213 4253 1365 4317 proxumis
1383 4250 1437 4304 eta·

293 4322 408 4374 alaram
425 4321 633 4375 dissensionem
650 4328 701 4375 aut
718 4323 794 4375 uitae
807 4337 855 4374 rn-
881 4318 1032 4374 horandum
1051 4327 1128 4386 puto,
1146 4320 1329 4385 interpretati
1344 4320 1438 4386 infini-

294 4390 397 4441 tionem
413 4391 560 4459 diuersam
578 4395 608 4443 ut
632 4391 726 4443 minus
751 4394 853 4442 ament.
881 4390 970 4441 litarem
983 4405 1000 4441 a
1014 4387 1199 4441 Berolinensi
1210 4393 1358 4442 retentum.

294 4458 420 4512 sectando
438 4463 531 4510 ceratem
548 4457 610 4511 loeo
630 4459 679 4523 aui
695 4472 852 4511 premerun-
