3304 5206
534 400 864 450 couuau‘rsarouvru
885 401 1085 450 narraturus
1336 385 1379 451 55

233 557 489 620 accommodatum
511 563 602 627 tuam,
625 558 703 637 quod
726 558 825 618 lacere
848 575 907 619 non
930 559 1040 638 possis,
1063 564 1097 618 ut
1118 556 1148 617 id
1170 559 1300 620 iucunde
1322 577 1374 619 ne·

233 687 285 748 ges
305 691 359 732 se
385 686 515 747 quorum
548 668 675 729 alterum
708 676 753 730 est
781 666 909 749 [tamen]
944 667 1016 729 boai
1042 669 1110 739 viri,
1145 668 1271 730 alterum
1307 668 1377 729 boni

233 781 378 859 petitoris.
421 796 489 840 nam
512 796 578 840 cum
607 779 637 839 id
664 780 775 858 petitur
802 778 880 858 quod
903 777 1027 838 honeste
1050 786 1101 839 aut
1125 777 1214 862 [non]
1238 782 1302 840 sine
1325 779 1376 840 de·

234 892 374 952 trimeato
405 887 480 971 [cst]
509 898 611 950 nostro
640 889 817 969 promittere
839 906 899 949 non
921 906 1091 967 possumus
1123 889 1271 967 quomodo
1299 890 1376 969 siqui

206 1007 318 1079 eroga
339 1008 371 1062 ut
392 1008 496 1061 contra
518 1000 647 1060 amicum
670 998 799 1076 aliquem
820 1016 938 1060 causam
954 1000 1141 1079 recipiamus,
1166 998 1243 1060 belle
1265 1017 1376 1077 negan⁴

232 1112 301 1172 dum
325 1118 379 1178 est,
403 1117 436 1171 ut
462 1109 600 1172 ostendas
628 1109 891 1179 necessitudinem,
921 1109 1108 1172 demonstres
1135 1129 1222 1190 quam
1251 1108 1376 1171 moleste

231 1223 324 1292 teras,
354 1220 419 1281 aliis
441 1229 470 1281 te
492 1220 584 1282 rebus
607 1228 778 1281 exacturum
807 1238 873 1280 esse
899 1220 1088 1298 persuadeas,
1133 1220 1231 1281 audiri
1253 1220 1309 1281 hoc
1332 1220 1478 1281 (ΙΙ-111146

231 1349 301 1392 cere
323 1330 472 1408 quendam
500 1330 537 1391 de
565 1329 741 1409 quibusdam
768 1327 951 1399 oratoribus,
981 1329 1016 1390 ad
1046 1347 1121 1407 quos
1148 1349 1268 1393 causam
1291 1349 1374 1392 suam

231 1440 399 1512 detulisset,
435 1442 596 1520 gratiorem
630 1440 688 1501 sibi
721 1442 886 1502 orationem
920 1443 983 1502 eius
1016 1440 1108 1502 luisse
1141 1443 1193 1518 qui
1226 1451 1374 1520 negasset,

194 1568 218 1607 ro
232 1571 318 1632 quam
341 1550 420 1619 illius
435 1553 493 1632 ¹qui
514 1553 686 1631 recepisset.
731 1553 774 1612 sic
795 1550 931 1611 homines
953 1551 1051 1611 fronte
1074 1559 1103 1611 et
1126 1553 1260 1612 oratione
1280 1553 1375 1630 magis

231 1680 318 1740 eruam
341 1664 406 1743 ipso
427 1661 571 1723 beneficio
600 1678 692 1741 reque
722 1662 890 1741 capiantur.
936 1679 1039 1722 rerum
1063 1660 1120 1721 boc
1141 1660 1296 1741 probabile
1319 1668 1373 1736 est,

230 1772 305 1833 illud
326 1770 452 1833 alterum
475 1771 639 1833 subdurum
662 1770 715 1833 tibi
737 1771 851 1832 homini
873 1769 1025 1831 Platonico
1047 1769 1183 1865 suaderp,
1208 1777 1253 1833 set
1276 1777 1374 1832 tamen

299 1942 312 1989 1
332 1940 540 1990 accomodatum
553 1944 583 1990 tu
594 1937 690 2003 tuaml
710 1940 828 1990 iocunde
844 1937 848 2004 Ι
864 1940 964 1990 ibiare
978 1941 1128 1990 sententiam
1146 1939 1283 1990 Lambinus
1300 1941 1373 1991 uidit.

175 2038 178 2045 ι
230 2011 287 2058 dest
309 2010 415 2058 alterum
440 2010 504 2059 iliud
525 2010 593 2074 quod
613 2004 634 2076 ἕ
656 2011 690 2058 46
716 2010 856 2073 eaponitur
879 2012 927 2057 sut
949 2007 1018 2058 adeo
1041 2007 1170 2058 simulate
1193 2009 1339 2073 promittas
1367 2006 1371 2072 Ι

229 2083 323 2128 tamen
341 2077 424 2141 omisit
440 2076 464 2125 L
492 2074 497 2141 Ι
521 2080 609 2128 3non
626 2083 652 2126 et
668 2078 686 2126 4
703 2080 746 2126 est
762 2078 789 2126 in
809 2077 831 2126 L
849 2078 941 2127 amasa
964 2074 968 2140 Ι
998 2077 1199 2126 texssrturum
1218 2076 1374 2127 Lambinus:

230 2149 390 2195 exacturum
405 2142 409 2209 Ι
425 2147 441 2195 9
460 2144 518 2195 eius
537 2146 638 2195 addidit
655 2144 786 2194 Manutius

230 2245 458 2261 ⁸1——

299 2299 311 2347 1
332 2301 380 2347 aut
397 2296 516 2346 iucunde
534 2297 681 2361 promittas
699 2296 880 2362 octingenae
898 2310 984 2360 neges
1001 2297 1064 2354 166,
1084 2300 1132 2346 aut
1149 2296 1268 2346 iucunde
1286 2312 1373 2362 neges

229 2370 278 2415 sut
290 2369 371 2415 caute
384 2364 529 2429 promittas
548 2363 669 2423 Oreitius,
687 2379 811 2429 peruerse
831 2366 877 2414 illa
895 2363 1014 2414 iucunde
1037 2379 1123 2429 neges
1144 2366 1272 2417 secandas
1294 2364 1375 2430 apere

228 2435 308 2484 uoluit
329 2432 464 2482 Klotzius:
487 2436 518 2481 ut
543 2431 571 2481 id
589 2437 639 2481 aut
660 2431 779 2481 iucunde
793 2447 888 2497 ,neges
911 2433 995 2483 cadere
1016 2431 1137 2489 Turnebi,
1154 2440 1186 2481 ut
1207 2433 1236 2482 id
1254 2431 1372 2482 iucunde

228 2502 348 2565 ingenue
365 2515 452 2564 neges
471 2500 647 2550 Mauricianus
672 2496 677 2563 Ι
703 2501 719 2548 4
742 2496 887 2565 quomodo]
913 2499 993 2549 uerbi
1017 2500 1109 2632 pratis
1130 2501 1245 2550 inserunt
1260 2503 1270 2550 1
1288 2503 1322 2550 47
1339 2503 1374 2551 rs

230 2565 431 2632 1171261271
450 2568 474 2617 si
493 2568 552 2632 quis
571 2562 645 2632 Ll'b
664 2566 786 2632 aliquam
806 2569 828 2616 L
845 2574 953 2632 praeter
972 2570 1006 2618 36
1041 2570 1102 2617 ‘lte
1121 2568 1150 2619 id
1167 2568 1248 2618 rebus
1266 2569 1290 2630 L
1306 2568 1310 2632 Ι
1327 2584 1372 2618 ex-

229 2640 353 2685 acturum
371 2635 395 2684 L
412 2637 461 2685 sed
478 2639 649 2685 exsarturum
668 2639 727 2686 166
745 2639 809 2698 126,
833 2640 1011 2686 extructurum
1034 2637 1164 2685 Palatinus
1185 2644 1210 2685 et
1228 2637 1372 2687 Mauricia-

229 2719 275 2753 nus
289 2701 294 2768 Ι
309 2706 325 2754 9
342 2704 496 2753 orationem
513 2704 600 2753 fuisse
619 2704 761 2768 Lpraeter
773 2707 807 2754 47
824 2707 858 2753 50
877 2706 928 2753 122
947 2705 999 2753 124
1017 2707 1067 2753 tto
1084 2705 1110 2753 in
1128 2704 1216 2769 quibas
1233 2710 1272 2753 est
1285 2704 1372 2754 inisse

228 2773 379 2822 orationem
399 2771 457 2821 eius
473 2768 478 2834 Ι
494 2773 525 2820 12
543 2768 702 2837 subdurum]
724 2771 870 2821 absurdum
889 2773 913 2821 L
931 2773 981 2821 nisi
996 2772 1083 2821 scriba
1099 2773 1199 2822 amauit
1213 2770 1217 2836 Ι
1233 2771 1371 2836 platonito

228 2842 237 2890 1
255 2842 273 2889 3
290 2839 399 2904 planito
420 2841 448 2889 V
461 2840 470 2888 1
490 2843 524 2890 36
543 2841 577 2889 38
595 2839 678 2904 plane
696 2839 785 2903 perito
804 2842 864 2889 147
881 2843 933 2889 50:
950 2839 1098 2889 Platonico
1117 2840 1192 2890 ‘tiber
1209 2847 1281 2890 uetus
1297 2845 1371 2890 unus‘

227 2907 345 2959 Lambini

273 3079 289 3125 2
307 3075 505 3129 detruncatam
517 3075 687 3128 seutentiam
697 3071 785 3129 libra·
812 3078 871 3128 ium
887 3079 931 3128 est
943 3092 961 3129 a
973 3073 1108 3131 Lambino
1126 3082 1152 3130 et
1164 3074 1318 3140 Palmaria,
1331 3092 1371 3132 ex

228 3144 267 3196 rii
278 3159 336 3197 non
348 3142 505 3197 caluerunt
516 3142 643 3208 reficere,
655 3141 785 3210 fortasse
811 3158 865 3209 auo
902 3141 1023 3198 Verrius
1052 3145 1083 3196 in
1108 3143 1280 3209 plassemata
1315 3159 1370 3199 sua

227 3212 312 3265 etiam
336 3212 415 3277 ipsos
441 3209 491 3264 tibi
515 3210 696 3275 persuadeas
717 3211 786 3264 data
812 3212 1041 3277 transcripserat
1059 3211 1212 3265 exercirent
1228 3211 1369 3268 sarcirent.

227 3293 317 3345 opera
362 3279 552 3332 detruncasse
601 3272 785 3344 indignantes
808 3283 928 3344 praeter
939 3277 1011 3333 baec
1024 3279 1140 3333 exsaruit
1152 3278 1369 3347 refertureno

224 3352 409 3412 praeceptum
444 3343 631 3402 inhonestum.
684 3351 785 3401 contra
812 3348 848 3400 tis
872 3346 996 3401 Tironis.
1033 3353 1063 3400 ut
1085 3348 1173 3414 iaitur
1189 3363 1229 3403 eac
1252 3349 1370 3415 antiqua

227 3415 352 3481 marpini
366 3412 421 3468 bas
438 3413 543 3480 altariis
557 3413 647 3469 ilieuit
660 3415 796 3480 ineptias
810 3413 951 3469 latinitate
984 3414 1119 3469 ersareire
1151 3416 1301 3470 deuenerit
1332 3417 1372 3470 ud

227 3488 317 3536 tamen
330 3486 358 3536 et
370 3497 426 3536 non
436 3488 479 3536 est
488 3498 610 3548 quarum
623 3496 724 3536 ansam
737 3482 784 3537 de·
813 3480 1007 3537 Caesarianae
1018 3483 1369 3548 aetatisconsuetudinem‚

227 3549 305 3604 disse
317 3549 423 3604 lacuna
436 3550 560 3604 tridetur.
589 3555 715 3604 ceterum
727 3554 785 3604 tam
811 3551 968 3616 scriptores
985 3555 1078 3605 tamen
1094 3551 1126 3605 id
1147 3552 1273 3606 euitasse
1294 3567 1368 3606 eom-

227 3616 296 3672 belle
320 3633 403 3683 quam
432 3615 555 3682 Quintus
579 3619 730 3683 praecepit
752 3633 785 3672 eo
807 3623 989 3684 pereamust.
1025 3633 1093 3684 erpo
1115 3619 1185 3685 quid
1201 3620 1369 3686 discrepan-

226 3691 351 3751 tempore
380 3683 501 3738 Marcus
533 3683 654 3739 Caecilio
682 3686 784 3740 adesse
811 3691 865 3739 tem
889 3701 952 3740 cam
970 3687 1074 3741 ceteris
1092 3684 1227 3751 Quintam
1250 3686 1369 3742 uerbum

209 3757 329 3807 eontra
357 3750 493 3817 saprum
522 3754 682 3814 recusauit,
711 3754 787 3820 qaod
811 3751 975 3808 abstrusum
1010 3754 1164 3820 appetiisse
1204 3755 1367 3819 credamus,

226 3821 272 3876 ilie
285 3826 379 3875 tamea
391 3820 495 3874 durius
507 3836 590 3886 quam
601 3820 683 3875 bomo
695 3820 785 3895 bellus
811 3823 959 3887 spreuisse
980 3823 1118 3876 usitatum
1138 3822 1295 3877 sartorum?
1317 3824 1368 3876 im·

227 3891 373 3955 accepisse
386 3893 529 3942 narratur
542 3888 634 3942 Attico
647 3887 665 3942 1
676 3894 699 3950 1,
713 3892 737 3940 4.
811 3904 855 3944 mo
872 3888 1000 3944 librariis
1013 3891 1110 3956 potius
1127 3891 1158 3943 in
1169 3890 1294 3955 procliui
1304 3896 1369 3945 erat

272 3961 288 4007 7
310 3962 482 4011 exsarturum
506 3956 569 4010 siue
587 3958 717 4022 priscam
739 3972 783 4011 ex·
809 3955 1366 4025 baeepermiscere,puiquidemnonso-

226 4031 381 4079 sarcturum
410 4025 503 4078 mauis
532 4024 607 4090 quod
629 4023 784 4079 Lambinus
810 4025 868 4079 lam
877 4031 1003 4093 spectare
1012 4031 1040 4079 et
1049 4033 1192 4093 expectare
1203 4041 1289 4092 saepe
1299 4042 1366 4081 eon-

226 4091 351 4153 induxit,
369 4108 427 4145 non
444 4090 575 4146 submoui
593 4093 659 4158 auia
675 4091 784 4160 salsum
808 4093 941 4160 fuderint
958 4108 1059 4148 errore
1080 4096 1138 4148 iam
1154 4093 1282 4149 omnibus
1302 4099 1366 4149 noto

227 4174 290 4213 esse
308 4176 365 4214 non
381 4160 475 4225 liquet.
513 4164 542 4214 at
563 4160 708 4225 probabile
727 4176 784 4215 non
810 4162 962 4216 sedetiam
980 4167 1108 4216 exacutae
1125 4167 1152 4216 et
1169 4159 1297 4216 exibilare
1312 4178 1366 4228 pro
1387 4203 1417 4232 ,

226 4233 277 4279 est.
301 4242 391 4293 neque
404 4227 479 4281 enim
491 4227 521 4282 id
530 4227 647 4283 uerbum
660 4229 690 4282 in
703 4228 784 4283 tibris
810 4234 920 4282 secutae
932 4234 960 4282 et
971 4227 1083 4283 sibilare
1095 4230 1267 4293 scripserint
1276 4231 1306 4284 in
1315 4246 1363 4285 no-

226 4292 326 4348 tatinis
338 4296 487 4349 inuenitur
498 4295 615 4361 praeter
629 4312 717 4355 unum
731 4295 783 4349 Te·
810 4297 894 4350 uictis
917 4297 1073 4363 praecipue
1098 4296 1243 4351 codicibus
1267 4297 1365 4364 quates

227 4363 303 4415 renti
319 4377 437 4417 uersam
454 4362 581 4419 bautoni.
599 4368 651 4415 143
676 4366 706 4418 in
729 4380 783 4430 aaa
812 4362 915 4418 Catulli
926 4363 973 4418 uel
983 4363 1105 4419 Petroni
1114 4363 1258 4419 babemus.

226 4436 366 4498 sumptum
385 4429 537 4486 erereirent
554 4447 633 4487 suom
650 4431 781 4487 emenda·
857 4436 888 4482 12
911 4430 1079 4487 Platonicus
1095 4433 1159 4488 iure
1182 4436 1303 4488 uocatur
1319 4436 1367 4502 aui
