3304 5206
247 320 266 385 8

247 498 278 556 ia
300 494 513 555 enumerandis
533 494 631 552 rebus*
643 495 822 568 computatio
843 495 930 566 quast
945 494 1048 568 stipitis
1066 493 1157 566 faeta
1172 493 1219 553 leis
1236 495 1396 568 particulis

249 598 375 675 primum
393 593 499 654 deiude
514 601 577 654 tum
594 599 695 673 postea
713 593 839 673 denique
856 602 1005 671 postremo
1021 598 1136 670 topicae
1151 596 1271 654 alamno
1286 595 1394 669 discip·

247 703 328 760 linae
350 713 440 772 quam
467 696 579 755 liberae
606 698 749 757 orationis
777 698 894 770 artifice
922 695 1058 772 dlpnlor,
1087 699 1119 756 in
1142 696 1337 756 describendo
1359 713 1396 756 ac

180 848 184 855 .
245 799 461 877 praecipiendo
476 800 569 858 nimia
585 800 741 858 uerborum
757 799 926 858 mirationis
948 798 1027 859 studi
1049 801 1247 873 similiumque
1263 800 1398 874 repetitio

250 920 287 962 ac
304 909 455 977 perpetua
477 885 625 959 dictorum
648 916 719 959 curu
748 907 780 959 ut
807 906 929 970 teneus,
946 918 1031 961 ‘aura
1061 907 1093 959 ut
1116 898 1241 969 trabeae,
1271 917 1342 960 curra
1366 907 1398 960 ιιι

254 1001 435 1080 intellegant,
461 1006 562 1060 aurato
585 1008 619 1061 ut
640 1000 822 1079 intellegant,
847 1008 880 1063 ut
902 1003 961 1069 sint
984 1020 1064 1073 euro,
1088 999 1206 1061 elabora
1223 1009 1255 1062 ut
1276 1001 1397 1072 habeas,

250 1114 281 1165 ut
305 1105 364 1164 sint
387 1101 553 1170 elaborato,
577 1101 623 1161 iau
646 1101 825 1173 athamas,
849 1103 896 1163 iae
917 1110 950 1163 ut
973 1105 1069 1172 noris,
1093 1102 1140 1163 sea
1162 1110 1194 1164 ut
1216 1104 1326 1172 soient,
1351 1105 1397 1165 iac

180 1262 183 1268 ,
250 1213 282 1266 ιιι
306 1224 370 1267 esse
394 1203 536 1272 videatur,
560 1203 606 1263 luc
628 1211 660 1263 ut
683 1204 857 1283 discriptum
880 1207 926 1274 sit,
951 1205 1060 1284 perfice
1076 1211 1109 1265 ut
1124 1205 1227 1265 sciunt.
1251 1222 1319 1265 curn
1334 1208 1399 1266 siae

251 1311 352 1383 aipore
366 1309 472 1366 mentis
486 1306 664 1366 iucundiore
673 1309 823 1381 pleraque
844 1313 905 1366 lam
926 1324 1031 1367 seuera
1053 1308 1218 1367 tractantur
1238 1308 1399 1369 subtilitate

251 1418 283 1471 ut
304 1426 362 1469 non
383 1411 476 1485 possit
490 1406 592 1480 fratri
611 1424 669 1468 nan
688 1408 786 1482 fuisse
807 1409 925 1478 odiosa,
949 1410 1100 1469 alacriore
1127 1409 1260 1484 qaudam
1281 1416 1310 1468 et
1325 1394 1399 1470 *eta-

251 1517 327 1574 tiore
349 1514 482 1572 oratione
504 1527 558 1570 nec
579 1512 653 1570 satis
674 1515 772 1582 tamen
794 1512 943 1571 concinna
965 1513 1011 1571 uel
1033 1512 1185 1587 perpolita
1207 1511 1350 1572 Antonias
1371 1518 1401 1571 et

253 1616 384 1676 Catilina
405 1612 590 1673 denotantur
611 1612 681 1672 inde
696 1629 715 1670 a
729 1610 787 1694 §8
810 1615 840 1672 in
863 1629 924 1687 qua
943 1620 1034 1688 parte
1055 1616 1145 1672 etiam
1166 1615 1398 1688 interropatiun·

252 1720 338 1778 culos
354 1731 415 1792 pro
430 1715 623 1774 contentionis
641 1713 765 1786 seruare
787 1717 877 1775 nectit
898 1716 972 1774 istas
986 1731 1045 1791 quo
1061 1713 1223 1793 splendore
1246 1716 1311 1775 est?
1327 1733 1398 1774 ιιιιαι

254 1818 384 1879 maiore?
413 1833 500 1894 quam
530 1814 568 1875 oh
594 1817 679 1876 remi
705 1824 734 1875 et
756 1817 864 1876 deinde
886 1815 957 1895 quid
987 1832 1042 1894 ego
1073 1834 1152 1876 nune
1174 1815 1399 1896 dioumpetere

255 1938 322 1981 eum
346 1916 533 1981 consulatum
556 1919 607 1995 qui
629 1935 696 1978 enm
718 1921 872 1979 caumatis
893 1918 1086 1994 anaphoricus
1107 1927 1136 1978 et
1157 1917 1226 1996 quid
1249 1936 1304 1996 ego
1321 1936 1403 1981 nune

255 2022 292 2082 de
315 2021 422 2090 Atrion,
447 2020 516 2098 quid
541 2019 578 2079 de
600 2022 720 2080 testium
737 2019 824 2080 dietis
839 2019 985 2081 scribam?
1008 2020 1165 2080 aeriorum
1187 2022 1400 2081 translationes

255 2131 490 2196 ornamentaque
511 2125 725 2183 sententiarum
752 2112 830 2183 adeo
849 2138 952 2198 pauca
979 2123 1171 2183 inueniuntur
1192 2129 1226 2182 ut
1252 2124 1402 2183 commeate

257 2242 411 2303 uulneres,
439 2221 463 2305 ἕ
493 2230 529 2281 12
556 2222 629 2283 duas
658 2224 688 2283 in
717 2241 780 2283 reru
811 2222 959 2303 pubiicum
987 2224 1064 2301 siuas
1093 2221 1281 2301 destringere
1304 2225 1337 2284 iel
1357 2231 1401 2283 est

257 2327 418 2387 Catilinam
442 2324 660 2400 Antoniumque
681 2328 817 2386 consules
836 2326 958 2398 facere,
981 2323 1006 2405 ἕ
1029 2332 1066 2384 28
1087 2342 1285 2403 praecurrere
1307 2327 1341 2385 iel
1360 2333 1404 2385 est

256 2423 491 2507 παραδραμεῖν
512 2427 631 2486 vincere
648 2429 803 2502 petitionis
824 2430 912 2502 anast
931 2429 1030 2503 spatio
1051 2427 1186 2518 decurso,
1208 2423 1285 2506 §35
1300 2426 1401 2513 ineunt

256 2537 289 2591 ιιι
312 2529 422 2614 dieitur
444 2527 543 2587 iecere
574 2529 608 2587 ia
627 2534 671 2588 est
694 2529 821 2601 fallere,
848 2527 937 2611 §aa
959 2526 1037 2588 voitu
1060 2536 1101 2607 α
1130 2529 1227 2590 irante
1255 2546 1332 2607 quae
1359 2536 1404 2590 est

257 2632 349 2692 animi
371 2631 468 2690 ianua.
515 2632 546 2688 in
566 2633 776 2704 prommaticis
797 2632 997 2692 memorabilis
1018 2632 1134 2693 ui'eletur
1161 2634 1400 2708 copulatluarum
1422 2700 1425 2704 λ

256 2734 496 2795 coniunctionum
519 2732 569 2791 nac
590 2749 661 2792 usus
683 2740 715 2792 ut
736 2750 795 2812 que
810 2750 847 2792 ne
862 2734 981 2793 deciens
1002 2734 1120 2808 quietem
1142 2742 1302 2814 appareat,
1317 2740 1404 2812 atque

257 2844 356 2895 autem
379 2850 437 2893 non
461 2836 538 2892 inter
558 2833 644 2893 binas
665 2835 751 2895 nouo
774 2837 907 2896 notiones
928 2836 1095 2899 intercedat
1116 2837 1238 2896 nimiam
1257 2835 1402 2910 [repuen-

258 2946 304 2998 ter
325 2939 404 2998 uelut
425 2939 455 2995 in
478 2932 649 3017 camalet
674 2944 709 2995 25
725 2943 774 2996 ter
795 2938 943 3012 deinceps,
967 2937 1021 2997 sed
1041 2939 1165 2998 iteretur
1185 2939 1274 2997 etiam
1297 2941 1328 2998 in
1350 2939 1402 2997 tri·

258 3042 305 3099 nis
325 3037 350 3121 ἕ
371 3044 387 3096 9
409 3037 588 3099 Titiniorum
612 3055 646 3097 aa
668 3037 843 3109 Munitorum
868 3056 902 3099 ao
924 3037 1124 3100 Tanusiorum
1154 3040 1249 3118 eapite
1272 3036 1341 3119 et§
1364 3046 1404 3098 54

259 3158 376 3201 morum
399 3157 433 3198 aa
456 3155 628 3199 sermonum
652 3157 686 3200 aa
709 3139 892 3200 voluntatum
915 3141 1099 3201 varietatem.

344 3242 487 3302 Marcam
510 3240 636 3311 Quintus
650 3243 921 3303 commentariolum
937 3259 957 3300 a
972 3259 1004 3303 se
1018 3245 1218 3318 conscriptum
1233 3261 1293 3305 non
1307 3246 1407 3318 tepere

259 3347 357 3420 mapis
378 3346 469 3406 uoluit
490 3352 522 3402 ut
542 3345 712 3404 consularis
737 3346 888 3421 petitionis
911 3344 1016 3417 frater
1043 3345 1144 3405 aditus
1169 3352 1282 3405 teneret
1307 3362 1407 3405 omnes

260 3463 349 3521 quam
371 3446 508 3506 iudicare
523 3452 613 3521 atque
634 3448 822 3524 examinare,
845 3463 903 3522 quo
925 3436 1111 3507 emendatior
1132 3447 1175 3506 ccl
1195 3449 1270 3517 alios
1291 3448 1407 3509 libellus

261 3549 369 3608 almiro
385 3553 494 3622 posset.
539 3550 697 3622 quaeritur
724 3550 817 3623 ipitur
839 3549 1095 3609 administraverit
1115 3549 1241 3609 Marcus
1267 3547 1406 3608 emenda·

261 3652 333 3709 toris
354 3665 461 3708 manus
482 3665 522 3706 aa
539 3648 710 3723 'desuperit
755 3666 793 3709 ac
811 3667 853 3709 ne
874 3652 940 3724 quis
961 3651 1042 3709 nanc
1063 3651 1188 3711 miretur
1209 3655 1407 3725 quaestionem

261 3753 386 3819 moveri,
417 3749 519 3820 Quinti
538 3753 768 3812 commentarius
789 3759 818 3812 et
839 3755 934 3811 oratio
956 3769 976 3810 a
998 3753 1108 3812 Marco
1128 3753 1159 3811 in
1181 3758 1251 3825 lopo
1273 3753 1407 3813 candida

261 3860 367 3915 contra
388 3855 593 3928 competitores
610 3853 723 3929 paucis
746 3859 819 3929 post
838 3855 985 3913 mensibus
1014 3854 1117 3914 tabita
1139 3855 1170 3914 in
1191 3861 1297 3914 senatu
1319 3869 1407 3939 auam

262 3973 302 4015 eac
323 3956 434 4014 Ascani
446 3958 639 4015 enarratione
659 3958 848 4028 copaooimus
869 3957 1048 4016 sententiolis
1069 3956 1245 4031 quibusdam
1266 3958 1308 4015 lta
1330 3956 1408 4013 inter

262 4075 292 4117 se
313 4062 479 4116 consonant
501 4065 534 4117 ut
556 4065 609 4115 aut
629 4043 787 4132 sumpsisse
807 4073 860 4117 eas
883 4057 1022 4118 Marcum
1045 4074 1065 4117 a
1088 4050 1194 4128 Quinto
1222 4064 1275 4115 aut
1297 4057 1335 4137 de
1355 4072 1408 4114 suo

263 4159 394 4218 intulisse
413 4164 518 4232 pateat
538 4159 689 4233 intonanti
708 4159 846 4220 libellum.
873 4161 960 4233 atqui
973 4159 1052 4219 itanc
1065 4160 1137 4233 auia
1158 4173 1253 4230 nepae
1267 4160 1408 4231 eloquen-

215 4325 221 4330 ,
262 4262 333 4319 tiam
361 4259 463 4319 Marci
487 4254 587 4336 spir‘at
614 4278 709 4335 nepae
730 4267 762 4320 ut
788 4267 858 4320 ante
880 4261 950 4321 aial
970 4263 1065 4336 plane
1092 4260 1261 4320 elaboratus
1283 4259 1410 4318 allidere

223 4386 226 4391 ’
264 4368 429 4425 exornatus
449 4369 494 4423 cst
515 4379 609 4439 nepae
624 4371 657 4424 at
671 4380 711 4422 ea
724 4364 863 4434 clausula
878 4363 1066 4440 consequitur
1078 4360 1247 4435 familiaris
1261 4362 1409 4437 epistulae
1426 4399 1428 4402 >
