3304 5206
1213 419 1348 481 ι19

204 595 342 655 Caesaris
371 595 496 665 Ouintus
522 594 681 653 cauillatus
707 602 788 652 esset.
834 596 1036 652 commenticia
1064 593 1138 651 tolia
1165 598 1194 650 et
1213 598 1347 651 contorto

203 714 260 757 non
282 714 357 773 opus
378 704 421 755 est
441 697 636 769 redorpnere,
660 712 720 753 una
743 696 850 754 addita
872 698 1005 777 litterula
1027 697 1148 775 restituo
1170 711 1347 772 quamquam

204 806 271 859 ate
293 799 400 858 iactam
424 796 559 859 sabelium
584 797 667 857 video
691 813 754 856 osse
778 795 895 856 festive:
919 813 1023 871 nempe
1039 813 1079 854 en
1091 812 1208 869 praeca
1224 795 1350 867 Quintus

203 903 374 960 etiamtum
402 902 435 972 in⁸
464 894 563 959 Gallia
591 905 788 959 commoratus
815 904 1004 959 conuerterat
1031 897 1186 974 Sophoclis
1208 897 1354 989 sabulum

203 1019 281 1077 quae
309 999 509 1062 σύνδειπνοι
537 1004 621 1074 adpo
648 1000 879 1067 inscribebatur,
909 1019 929 1059 u
955 1002 1105 1060 nonnullis
1132 994 1348 1068 σύνδειπνον,

203 1107 288 1163 cuius
319 1107 463 1189 reliquias
498 1104 653 1163 Narrabitis
681 1121 714 1178 p.
751 1109 805 1160 127
832 1120 869 1161 ss.
905 1105 1059 1176 conpessit.
1109 1102 1236 1162 Marcus
1266 1101 1353 1175 osrici

204 1220 314 1265 caussa*
333 1212 361 1264 et
382 1208 493 1264 amoris
505 1205 639 1277 fratrem
661 1205 768 1263 laudat
788 1209 986 1278 interpretem,
1003 1220 1113 1279 poema
1135 1207 1232 1279 ipsum
1246 1220 1351 1263 roma-

204 1325 263 1366 nae
288 1310 401 1367 scilieet
426 1309 572 1380 probitati
594 1324 706 1381 parum
733 1311 908 1366 conveniens
942 1324 1049 1381 aspere
1077 1307 1244 1385 improbate
1262 1315 1353 1382 putes

204 1412 267 1469 eius
287 1409 526 1484 reprehensionis
547 1411 701 1468 seueritate
719 1408 842 1481 sactumx
859 1426 922 1467 esse
936 1418 969 1468 ut
989 1410 1128 1483 deinceps
1142 1409 1213 1468 inde
1229 1408 1353 1478 Quintus

206 1512 243 1570 ab
255 1514 552 1587 satyrorumiicentia
566 1511 713 1569 abstinens
724 1511 904 1570 industriam
917 1526 1002 1570 sunm
1016 1510 1198 1582 transferret
1208 1513 1239 1569 in
1251 1527 1352 1570 ouum

206 1614 403 1686 trupoediam.
448 1613 621 1687 Soplroclem
648 1620 746 1671 autem
762 1615 837 1686 >ipse
864 1628 953 1687 quom
979 1613 1185 1673 admiraretur
1207 1624 1353 1686 quamque

205 1731 239 1773 eo
261 1716 469 1782 delectaretur,
493 1717 567 1774 alios
589 1731 703 1788 quoque
725 1716 803 1773 scire
824 1716 987 1788 loquentem
1004 1692 1144 1784 Quintum
1156 1715 1260 1787 frater
1277 1713 1354 1785 feeit

207 1819 244 1876 de
263 1818 371 1889 finibus
401 1814 466 1896 1⁷5
485 1824 511 1886 3,
534 1817 730 1889 sarmentique
752 1817 795 1874 ad
815 1833 880 1875 eam
903 1832 982 1875 anno
1005 1816 1100 1875 otio
1119 1820 1179 1877 nisi
1199 1816 1356 1891 Sopboclei

206 1919 298 1979 studii
318 1921 348 1977 in
371 1925 493 1979 mentem
517 1921 647 1982 uenisset,
670 1934 728 1977 non
751 1919 827 1977 adeo
849 1920 879 1977 in
896 1919 1027 1993 procliui
1046 1918 1121 1978 baec
1139 1917 1248 1991 suisset
1268 1934 1354 1978 com-

205 2023 330 2096 paratio
352 2021 391 2080 II
411 2028 442 2088 8,
469 2029 487 2078 i
516 2019 552 2079 de
575 2039 608 2079 ro
631 2018 749 2098 publica
774 2020 897 2079 nimium
921 2027 950 2078 to
973 2018 1109 2080 laborare
1131 2018 1218 2080 doleo
1241 2029 1271 2080 et
1293 2038 1353 2080 me-

111 2184 117 2190 ,
209 2118 321 2182 liorem*
335 2124 428 2182 civem
453 2141 517 2181 osse
540 2139 627 2199 (luam
650 2120 842 2182 Philoctetam
872 2123 920 2199 qui
952 2131 1074 2200 accepta
1098 2123 1206 2183 iniuria
1231 2139 1264 2182 ea
1288 2140 1354 2201 spe·

119 2277 122 2281 ,
158 2291 163 2303 ⁸
208 2224 320 2284 siaonia
344 2224 505 2303 quaerebat
530 2243 605 2302 quac
629 2223 680 2283 tibi
703 2222 810 2284 acerba
835 2232 898 2283 esso
922 2223 1015 2311 video.
1053 2224 1211 2297 efumiliu
1233 2224 1356 2284 Cicero-

208 2329 254 2386 nis
280 2343 403 2401 operam
431 2329 564 2400 aliquam
592 2328 685 2385 eidem
708 2334 816 2401 poetae
848 2325 917 2385 Tiro
932 2343 1070 2385 -nauasse
1098 2326 1215 2385 uidetur
1246 2328 1357 2402 quippe

208 2447 247 2486 ea
270 2446 326 2507 quo
343 2429 469 2488 Morcus
484 2433 680 2502 percontetur
702 2431 732 2485 in
755 2429 882 2501 epistula
903 2428 937 2485 X
945 2428 989 2485 ν’]
1010 2435 1053 2496 18,
1079 2435 1096 2485 3
1119 2445 1155 2487 an
1179 2429 1283 2505 {sangis
1304 2427 1356 2486 aii·
1454 2502 1458 2509 r

211 2531 280 2608 quib
305 2529 525 2609 Sophocleum?
553 2530 598 2588 iac
622 2548 696 2607 opus
719 2528 870 2607 adpuoat.

297 2631 369 2692 Tam
391 2635 555 2692 litteratum
583 2649 673 2705 quom
699 2631 834 2701 Ouinium
862 2633 922 2689 iam
948 2633 1138 2704 copnouimus
1160 2632 1303 2691 bominem
1326 2635 1356 2690 in

208 2734 393 2794 carminibus
410 2733 589 2806 [actitandis
609 2751 670 2808 pem
692 2741 735 2792 est
755 2736 925 2793 exercuisse
946 2751 978 2793 se
993 2736 1083 2792 uarie.
1121 2735 1175 2793 sed
1196 2732 1358 2793 dubitatio-

143 2872 146 2875 ·
209 2852 276 2894 nem
297 2839 420 2895 multam
442 2853 543 2894 uersus
566 2836 653 2894 babet
674 2852 693 2892 o
717 2836 824 2901 Marco
844 2838 874 2893 in
897 2836 1024 2909 epistula
1047 2836 1091 2893 ad
1111 2851 1177 2895 eum
1199 2835 1221 2893 I
1231 2842 1258 2903 3,
1275 2841 1295 2893 8
1313 2834 1359 2893 bis

211 2939 305 2997 rerbis
331 2943 576 2997 commemoratus
605 2935 676 2997 illud
705 2947 823 3001 caveto.
860 2943 888 2994 et
915 2953 950 2994 eo
978 2944 1051 3013 puto
1078 2954 1132 3015 per
1161 2935 1357 3012 Pomponium

211 3038 369 3098 fovendum
398 3037 452 3101 tibi
481 3056 546 3096 csse
569 3039 665 3115 ipsum
690 3037 898 3106 Hortensium,
928 3054 965 3096 ne
992 3035 1042 3096 itte
1070 3056 1174 3097 versus
1202 3040 1253 3116 qui
1277 3036 1305 3095 in
1331 3046 1359 3094 ta

212 3149 277 3199 erat
298 3137 432 3199 conlatus
455 3157 521 3197 cum
546 3137 726 3197 aedilitatem
750 3137 872 3216 petebas
895 3137 932 3197 do
953 3120 1020 3215 lego
1040 3136 1157 3199 Aurelio
1182 3137 1254 3199 laiso
1277 3139 1359 3199 testi·

213 3241 310 3300 sannio
334 3242 536 3306 confirmetur,
582 3256 762 3315 quamquam
784 3243 862 3300 enim
885 3239 995 3312 Hoffae
1017 3241 1090 3298 mibi
1107 3241 1254 3316 probatur
1276 3240 1360 3301 iudi-

211 3345 290 3403 rium
316 3347 422 3401 contro
450 3343 616 3401 ilianutium
644 3344 851 3402 existumantis
881 3343 918 3401 de
945 3346 1009 3416 leue
1044 3345 1168 3402 Aurelia
1196 3342 1360 3403 iudiciaria
1391 3407 1395 3416 ¹

212 3461 334 3503 carmen
361 3445 485 3517 aliquod
509 3461 575 3504 cum
604 3447 744 3504 irrisione
770 3444 912 3502 Hortensi
936 3446 1142 3505 circumlatum
1169 3460 1233 3502 esse
1262 3431 1363 3513 mend

211 3549 329 3629 'rioneine
350 3579 391 3589 --
413 3548 553 3605 nimirum
576 3562 633 3620 quo
655 3553 784 3621 tempore
805 3549 856 3605 leu
878 3563 913 3604 en
931 3547 994 3603 lata
1021 3553 1065 3604 est
1086 3546 1260 3607 Hortensius
1278 3553 1360 3621 pete·

213 3649 263 3705 bot
290 3649 474 3706 consulatum
501 3649 701 3721 quadriennio
735 3654 803 3706 ante
836 3648 978 3706 aedilicia
1007 3647 1110 3717 Quinti
1133 3655 1162 3706 et
1188 3650 1361 3707 consularia

215 3750 314 3809 Cottae
335 3750 453 3806 comitia
474 3779 517 3791 »-
539 3756 638 3809 tamen
666 3749 793 3809 Murcus
820 3751 883 3823 ipse
911 3765 1024 3823 nepare
1046 3749 1163 3809 uidetur
1187 3748 1287 3819 Quinti
1307 3766 1361 3808 ou·

213 3854 377 3911 ctoritatem
394 3866 483 3922 posse
504 3854 682 3922 confirmari
702 3854 761 3910 nisi
781 3853 941 3911 testimonio
958 3850 1051 3924 falso.
1090 3851 1198 3910 deinde
1219 3853 1363 3911 inaurire

217 3953 340 4022 (luimus
361 3954 549 4026 epipramma
575 3952 686 4023 fecisse
709 3952 869 4026 serebatur
895 3954 950 4012 boe
978 3955 1010 4012 in
1037 3953 1225 4026 antbolopias
1251 3955 1363 4012 latinos

165 4040 168 4045 ’
215 4054 364 4128 receptum
387 4070 406 4111 a
429 4053 684 4135 BurmanuoIII
705 4061 744 4113 88
765 4062 833 4114 eta
858 4057 980 4130 Meyero
1001 4071 1030 4113 n.
1053 4061 1121 4123 245,
1146 4055 1225 4130 quod
1244 4056 1363 4129 pridem

115 4174 118 4185 ·
216 4154 415 4214 Bourdelotus
433 4157 591 4230 perspexit
604 4158 633 4215 in
651 4156 709 4216 dno
731 4158 923 4216 dividendum
938 4172 1000 4238 esse
1015 4158 1149 4225 disticba,
1173 4172 1242 4215 nom
1258 4159 1364 4216 leuitas

217 4259 372 4315 mulierum
394 4260 488 4317 altero
511 4261 695 4333 increpatur,
719 4261 813 4317 altero
835 4261 984 4335 nequitia:

420 4388 500 4442 erede
519 4389 610 4442 ratem
629 4372 732 4443 ventis:
751 4388 874 4443 animum
891 4406 926 4443 ne
945 4390 1028 4444 crede
1046 4389 1161 4459 pusilii,

471 4489 591 4543 namquo
610 4476 652 4528 est
670 4473 791 4527 feminea
807 4474 896 4529 tutior
914 4474 989 4531 unda
1006 4475 1068 4531 fide.

1120 4562 1161 4623 2*
