3304 5206
928 256 944 287 a

252 349 273 412 6

254 521 386 582 nomines
413 519 615 596 appellatque,
643 517 725 578 serui
751 522 849 577 tomen
878 515 1106 592 nomenclatoris
1137 517 1310 576 mentionem
1343 532 1400 577 non

251 622 336 697 fecit,
359 622 430 697 quio
452 621 643 682 interdictum
665 622 733 678 erat
748 618 925 695 petitoribus
947 620 999 693 qui
1018 634 1100 676 same·
1113 619 1250 692 plerique
1271 632 1338 679 edm
1360 622 1371 680 I
1389 656 1401 668 ·

253 740 322 801 qem
343 725 461 783 omnino
481 720 728 798 aspernabantur
749 738 794 780 ne·
808 720 952 780 baberent
972 721 1228 779 nomenclatorem.
1268 724 1402 782 conuiuia
1429 756 1432 761 -
1530 704 1542 715 “

257 833 356 888 autem
378 825 459 901 quod
478 841 498 883 o
517 821 623 897 fratre
643 828 673 882 et
692 822 731 881 ab
752 824 858 883 amicis
879 823 943 883 eius
964 820 1169 882 concelebrari
1189 827 1219 882 et
1237 825 1352 899 possim
1374 832 1403 885 et

257 930 390 989 tributim
414 927 501 996 iubet,
522 932 592 1002 post
611 940 722 986 annium
745 925 862 984 demum
884 918 982 984 'senati
1005 926 1168 984 consultum
1192 923 1333 985 Cicerone
1353 944 1402 986 re-

253 1030 376 1114 ferente
393 1028 512 1102 factum
537 1035 597 1096 est,
626 1029 653 1087 si
671 1026 809 1102 prandio
836 1028 922 1100 uotpo
950 1026 1025 1085 dota
1046 1031 1156 1093 essent,
1179 1031 1288 1089 contra
1309 1028 1403 1101 teqem

260 1133 461 1209 Calpurniam
480 1128 600 1203 sactum
622 1129 728 1189 uideri.
759 1130 858 1203 tequm
873 1129 967 1202 iqitur
982 1127 1257 1188 observantissimus
1279 1128 1404 1199 Quintus

256 1249 324 1296 cnm
345 1233 515 1307 ceteroquin
545 1231 667 1291 bonesta
694 1231 793 1290 minus
820 1245 908 1304 quom
938 1231 1108 1289 necessario
1135 1231 1303 1308 curaverit,
1325 1246 1403 1290 com-

238 1336 468 1397 mentariolum
495 1335 559 1394 eius
586 1335 740 1407 eqreqium
775 1332 916 1392 babemus
943 1332 1112 1391 ambitionis
1141 1331 1226 1404 quoti
1251 1330 1405 1393 Romanus
1440 1382 1442 1389 ,

259 1446 321 1500 tum
337 1444 475 1512 optumus
489 1437 612 1510 quisque
627 1436 808 1496 adsueuerat
823 1435 991 1509 cuempiam
1012 1434 1042 1493 in
1057 1435 1217 1506 confinium
1233 1434 1405 1509 perductae
1511 1436 1512 1440 ’

259 1541 336 1601 iuris
357 1545 387 1600 et
408 1539 550 1601 iniuriae.

346 1641 560 1716 Antiquariom
583 1641 667 1716 tetiqi
687 1640 776 1700 bainus
797 1640 890 1700 libelli
909 1630 1073 1700 utilitatem
1105 1654 1205 1699 uerum
1225 1655 1321 1712 penus
1335 1656 1406 1715 quo·

207 1744 211 1748 ’
258 1761 316 1819 que
337 1743 490 1805 scribendi
511 1758 605 1816 eaque
626 1759 717 1816 quum
732 1744 874 1802 extremis
890 1740 986 1801 uerbis
1003 1740 1128 1812 Quintus
1142 1757 1215 1800 suae
1236 1744 1407 1817 scripturae

259 1848 432 1911 conciliauit
452 1845 619 1905 auctoritas
640 1843 730 1903 babet
751 1843 832 1919 quod
851 1858 904 1904 nos
924 1844 1061 1903 retincat.
1091 1858 1161 1902 nam
1177 1859 1243 1903 cum
1260 1843 1298 1902 de
1308 1843 1406 1918 publi-

260 1965 316 2010 cae
337 1950 416 2009 uitae
438 1955 616 2021 arqumento
643 1947 763 2022 scripta
785 1943 833 2006 sit
850 1945 894 2003 ad
915 1945 1021 2005 Marci
1047 1946 1257 2006 institutionem
1280 1947 1423 2020 epistula·

195 2084 196 2088 =
258 2050 315 2111 sed
335 2058 396 2109 tom
418 2051 522 2124 ampla
550 2049 695 2122 totiusque
716 2049 763 2107 rei
788 2047 926 2107 notitiam
947 2049 1108 2123 complexa
1135 2048 1263 2122 epistula
1285 2054 1318 2107 ut
1332 2063 1408 2123 pro-

261 2152 346 2211 desse
378 2166 443 2209 eum
476 2149 567 2210 etiam
599 2151 706 2210 ceteris
735 2142 914 2225 petitoribus
938 2164 1025 2224 posse
1052 2152 1084 2209 in
1109 2147 1250 2220 futurum
1278 2152 1408 2224 scriptor

261 2254 430 2328 sperauerit
452 2253 576 2325 ideoque
602 2252 672 2311 iusti
692 2253 887 2310 commentari
913 2253 1010 2310 instar
1036 2251 1089 2311 edi
1108 2252 1233 2309 uotumit
1261 2252 1292 2309 in
1312 2251 1408 2325 publi·
1440 2296 1442 2305 ,

261 2369 338 2423 cum,
361 2370 402 2413 ex
423 2355 574 2427 isaqoqico
595 2352 675 2412 bunc
696 2353 829 2412 libellum
856 2369 920 2413 esse
944 2369 1055 2426 penem
1087 2354 1253 2412 litterarum
1281 2358 1411 2428 apparet

167 2467 170 2475 “
263 2455 373 2531 dequo
388 2454 423 2514 L.
441 2453 628 2515 Merclltnus
648 2457 678 2514 in
697 2454 851 2528 Pbitoioqo
867 2454 918 2513 IV
929 2473 962 2530 p.
984 2460 1043 2513 413
1063 2471 1102 2513 ss.
1120 2455 1201 2514 dixit
1219 2453 1320 2526 Quinti
1332 2457 1410 2514 male

262 2557 377 2627 oblitus,
393 2556 474 2632 quod
487 2564 617 2616 romano
632 2573 705 2631 qens
720 2559 751 2616 in
766 2573 877 2617 morem
887 2558 1035 2616 maiorum
1046 2572 1206 2630 rerumque
1220 2572 1304 2615 usum
1320 2572 1409 2631 quom

264 2661 296 2720 r'n
316 2659 417 2719 studio
440 2658 610 2721 aduenticia
633 2658 857 2733 doctrinamque
875 2660 1058 2733 propensior
1072 2663 1155 2718 tanto
1171 2676 1261 2735 opere
1274 2658 1413 2735 probauit

265 2767 298 2823 ut
313 2762 466 2838 permulta
488 2742 659 2820 litterarum
681 2768 871 2821 monumenta
893 2762 923 2820 in
944 2762 1051 2835 primis
1065 2759 1108 2818 ad
1120 2761 1265 2820 historiae
1286 2762 1410 2820 artium*

265 2881 322 2939 que
344 2863 536 2938 disciplinam
555 2864 735 2938 pertinentia
757 2878 797 2922 en
819 2863 875 2922 itta
897 2862 996 2922 indole
1019 2873 1056 2922 ac
1078 2864 1228 2922 uoluntate
1247 2862 1411 2937 repetenda

181 2996 185 3003 ·
266 2965 426 3027 uideantur
457 2965 518 3024 siue
548 2980 606 3038 per
634 2965 789 3024 continuas
816 2965 1046 3037 moqistratuum
1071 2965 1300 3038 pontificumque
1334 2965 1412 3024 uices
1505 3040 1508 3045 Α

264 3069 427 3142 composito
441 3068 606 3140 antiquitus
620 3066 682 3126 siue
694 3072 803 3141 postea
821 3068 966 3140 priuatim
982 3083 1002 3125 a
1016 3068 1143 3139 sinqulis
1163 3065 1311 3140 consecto,
1333 3068 1413 3126 uelut

263 3170 399 3246 priscum
426 3169 595 3244 exemptum
622 3173 655 3228 ut
680 3182 856 3243 componam
884 3185 951 3229 cum
977 3173 1126 3243 postremo
1148 3170 1263 3241 aliquo,
1294 3167 1413 3228 Catonis

266 3271 338 3333 iibri
358 3270 401 3330 ad
419 3270 515 3342 fitium
532 3275 561 3329 et
574 3269 714 3329 Frontini
735 3269 774 3329 de
795 3271 882 3344 aquis
896 3273 1135 3331 commentarius.
1163 3285 1331 3345 prosumus
1342 3270 1413 3343 fere

269 3360 408 3445 Qidnlm
442 3372 541 3433 Varro
563 3378 776 3447 praecesserat
808 3373 955 3436 consimili
987 3374 1124 3447 exemplo
1151 3372 1189 3432 de
1217 3388 1274 3446 quo
1303 3372 1413 3432 Gellius

266 3472 374 3534 XIIII
388 3480 404 3532 7
419 3474 551 3533 rettulit:
574 3473 732 3549 Pompeius
750 3491 817 3534 cum
829 3477 961 3551 primum
982 3476 1170 3535 consulatum
1190 3475 1317 3533 initurus
1339 3483 1415 3533 essct
1464 3498 1471 3501 ·

268 3591 348 3636 anno
369 3573 630 3645 DOIIIXXIIII,
658 3577 796 3650 quoniam
815 3593 875 3651 per
896 3578 1020 3637 militiae
1041 3582 1175 3651 tempora
1197 3591 1299 3636 rerum
1321 3575 1412 3636 urba·

218 3721 222 3724 <
268 3692 378 3738 narum
397 3683 578 3752 senatusque
599 3694 710 3754 expers
728 3677 851 3750 fnisset,
882 3680 1045 3738 Varronem
1061 3677 1260 3753 xfamiliarem
1273 3679 1336 3738 eius
1357 3695 1414 3738 ro-

253 3786 370 3854 ,qotum
391 3795 453 3839 esse
466 3785 507 3839 ut
529 3782 773 3841 commentarium
796 3779 918 3853 faceret
943 3781 1143 3855 isupoqicum,
1166 3782 1210 3840 sio
1231 3781 1308 3839 enim
1336 3781 1413 3840 Vor-

268 3898 372 3943 ronem
393 3884 491 3959 ipsum
514 3884 697 3959 appellasse,
726 3900 767 3942 esc
793 3898 850 3957 quo
872 3884 1029 3959 Pompeius
1057 3882 1184 3942 disceret
1209 3881 1284 3969 quid
1306 3880 1414 3953 facere

269 3984 430 4060 dicereque
452 3984 572 4045 deberet
592 3971 659 4046 cum
682 3992 817 4044 senatum
831 3987 1005 4046 consuleret.
1037 3987 1062 4045 is
1083 3984 1314 4047 commentarius
1330 3983 1414 4041 Porn-

266 4088 337 4164 peio
356 4085 459 4162 foetus
480 4103 547 4148 cum
566 4094 670 4163 posteo
687 4089 843 4166 periisset,
876 4091 1036 4147 Varronem
1052 4088 1083 4145 in
1097 4086 1173 4157 libro
1194 4086 1414 4160 epistolicarum

270 4191 475 4264 quaestionum
498 4192 626 4266 epistula
648 4191 692 4250 ad
722 4188 891 4265 Oppianum
919 4189 1018 4249 denno
1044 4204 1081 4248 ea
1109 4187 1147 4247 de
1167 4204 1202 4246 re
1228 4186 1413 4246 disseruisse.

271 4305 361 4364 quom
383 4290 482 4352 autem
511 4292 610 4353 Varro
636 4293 755 4368 copiose
776 4293 922 4351 consulem
945 4290 1079 4350 docuerit
1106 4290 1144 4348 de
1168 4286 1273 4361 officio
1294 4295 1416 4348 senatus

272 4391 416 4463 iubendi,
449 4380 545 4472 ipsum
575 4397 652 4458 Gelli
670 4384 864 4456 summarium
893 4395 1087 4454 demonstrat.
1132 4392 1193 4453 iam
1219 4407 1288 4450 uero
1316 4390 1419 4463 Quinti
