3304 5206
848 1244 892 1312 11

686 1455 1071 1581 ueremur*
1126 1482 1129 1489 ·

811 1679 929 1686 --—---

863 1820 879 1883 1

619 1989 665 2082 Q.
697 1989 748 2064 M.
783 1988 976 2065 FRATRI
1008 1926 1117 2064 SAL.

382 2195 423 2255 lie
446 2195 569 2271 Tirone,
591 2172 769 2281 mi'biarce,
798 2195 837 2254 ita
861 2203 889 2254 te
913 2213 1070 2276 meumque
1093 2196 1268 2257 Ciceronem
1292 2203 1440 2256 etmeam

295 2304 453 2366 Tulliolam
482 2312 624 2382 tuumque
653 2304 744 2365 tilium
763 2303 903 2371 uideam,
942 2312 974 2365 ut
1007 2305 1080 2365 mibi
1107 2284 1305 2383 gratissimum
1334 2292 1440 2374 iecisti,

296 2417 363 2476 cmu
387 2433 455 2475 euru
477 2406 632 2493 indiguum
661 2411 712 2474 iila
741 2414 859 2474 iortuua
888 2431 922 2474 ac
951 2415 1037 2475 uobis
1059 2418 1187 2476 amicum
1211 2430 1299 2494 quam
1322 2431 1440 2476 servum

236 2545 241 2599 j
296 2542 360 2586 esse
384 2524 522 2585 maluisti.
568 2522 766 2595 mihicrede,
795 2525 855 2586 tuis
883 2531 912 2587 ct
938 2522 1017 2585 iliius
1044 2524 1150 2586 litteris
1172 2523 1313 2617 perlectis
1336 2525 1467 2586 exsiluis

261 2630 420 2712 agaudio',
451 2642 480 2695 et
506 2634 559 2694 tibi
589 2641 618 2694 et
647 2651 702 2712 ago
726 2618 836 2713 gratias
865 2641 893 2694 et
921 2635 1061 2712 gratulor.
1105 2620 1232 2696 sienim
1257 2635 1329 2695 mihi
1357 2635 1441 2696 Statii

289 2742 420 2823 ‚fidelitas
443 2752 488 2805 est
510 2751 609 2805 tautae
632 2742 784 2824 voluptati,
808 2746 911 2822 quanti
935 2762 1001 2806 esse
1023 2746 1053 2806 iu
1076 2745 1133 2805 isto
1154 2724 1227 2806 haec
1242 2722 1347 2806 eadem
1362 2745 1439 2806 boua

295 2853 406 2914 debent
428 2853 535 2915 additis
556 2852 663 2917 litteris
687 2853 876 2915 sermonibus
899 2854 1091 2924 humanitate,
1115 2872 1192 2933 quae
1214 2864 1284 2917 suut
1298 2855 1345 2916 bis
1366 2857 1440 2935 ipsis
1509 2900 1511 2903 -
1534 2878 1536 2883 ·

294 2962 458 3027 commodis
481 2966 605 3043 potiora.
652 2974 770 3027 amoto
793 2963 932 3026 omuibus
955 2964 1092 3044 equidem
1115 2964 1153 3025 de
1176 2963 1311 3027 maximis
1332 2968 1438 3036 causis,

294 3092 397 3134 verum
427 3075 515 3137 etiam
543 3081 668 3154 propter
696 3073 772 3135 hauc
802 3072 846 3134 vel
876 3074 954 3152 quod
985 3074 1056 3134 mibi
1084 3075 1128 3136 sic
1157 3085 1190 3135 ut
1212 3074 1341 3136 debuisti
1363 3093 1479 3136 nou-10

295 3185 382 3244 tiasti⁴
427 3192 456 3245 te
478 3190 573 3277 totum
595 3185 627 3244 iu
649 3182 756 3244 litteris
778 3182 846 3243 vidi.
891 3183 993 3246 Sabini
1015 3185 1116 3263 pueris
1139 3192 1169 3245 et
1194 3187 1319 3264 promisi
1340 3188 1438 3246 omnia

251 3299 253 3303 '
294 3301 324 3354 et
345 3294 460 3355 iaciam.
978 3306 982 3312 '

360 3481 377 3528 4
396 3496 455 3530 cum
475 3479 626 3530 Medieeae:
645 3480 715 3544 quod
733 3480 910 3530 Berale'nensis
926 3476 930 3538 Ι
946 3496 980 3530 uc
1001 3482 1058 3531 del?
1071 3481 1217 3530 Cratander
1230 3480 1236 3543 Ι
1251 3482 1266 3531 5
1284 3481 1439 3545 perspectis

292 3545 320 3595 B
333 3544 369 3611 16
388 3549 496 3613 gaudeo
514 3548 544 3598 M
559 3545 594 3614 17
614 3563 675 3598 esse
694 3548 742 3598 M:
761 3553 804 3598 est
821 3547 848 3596 B
868 3550 871 3605 Ι
891 3551 907 3598 8
924 3548 1027 3598 debent
1044 3549 1185 3613 duplicauit
1202 3548 1252 3612 ΜΙ
1267 3549 1439 3599 sermonibus

294 3615 457 3666 Cratander:
476 3620 505 3666 et
521 3615 693 3666 sermonibus
710 3616 771 3666 ΒΜ
783 3613 818 3685 19
837 3616 986 3666 commodis
1004 3632 1052 3666 ona.
1072 3616 1097 3665 B

362 3788 377 3833 1
395 3787 488 3850 tepitur
504 3786 573 3836 iuter
591 3785 722 3836 Cicerones
739 3786 774 3835 ad
795 3784 911 3835 Tironem
928 3787 1051 3850 epistulae
1070 3785 1143 3835 XVI
1160 3789 1200 3844 16,
1217 3788 1317 3849 scripta
1336 3786 1439 3837 uidetur
1523 3791 1529 3796 ‘

292 3854 397 3902 circiter
414 3869 438 3902 a.
459 3853 595 3910 ocx0V;
613 3854 649 3916 rs.
666 3870 692 3917 p.
711 3856 744 3902 21
768 3850 778 3918 [1
802 3856 819 3903 4
838 3855 1068 3915 certaminum,
1087 3853 1438 3918 dlepliretonmindignum

293 3923 455 3985 compositam
471 3936 618 3983 pronomen.
647 3921 782 3970 scabritiea
799 3922 923 3971 orata'onis
940 3923 1026 3971 melius
1043 3929 1187 3971 remanetur
1210 3922 1256 3971 bac
1279 3920 1352 3971 modo
1377 3936 1438 3971 cum

293 3987 435 4053 iudignum
454 3987 503 4038 illa
521 3988 632 4039 fortuna
650 3988 781 4038 iudicasti
800 4003 833 4038 uc
862 3985 873 4053 ἥ
903 3993 919 4036 7
940 3987 1061 4039 fidelitas
1085 3993 1114 4039 et
1134 3989 1284 4053 frugalitas
1302 3989 1439 4038 Lambinus

293 4072 324 4106 ne
345 4057 476 4120 plarotiua
497 4055 567 4105 haec
591 4056 687 4107 eadem
709 4056 782 4105 boun
804 4062 829 4106 et
853 4056 897 4106 bis
920 4055 989 4122 ipsis
1013 4058 1161 4106 commodis
1182 4059 1309 4121 sinpalart
1324 4072 1353 4105 re
1371 4072 1438 4107 com·

205 4153 207 4158 =
291 4124 514 4188 prehenderentur
543 4120 553 4187 fl
584 4127 615 4172 11
638 4123 747 4173 Sabinas
769 4126 825 4188 qun
844 4124 926 4185 suerat
951 4128 1114 4189 Ipnoramoo:
1138 4124 1167 4185 Q.
1194 4124 1306 4174 Titurius
1328 4123 1440 4173 Sabinos

295 4191 415 4241 Caesaris
436 4194 535 4256 tepulae
557 4194 582 4240 in
607 4191 690 4257 Gallia
707 4208 732 4241 a,
752 4190 912 4241 DOXCVII
927 4198 985 4256 part
1010 4200 1063 4242 tres
1081 4209 1161 4242 annae
1179 4194 1272 4242 oceidit
1289 4190 1361 4255 (betti
1374 4195 1436 4255 pati.

293 4259 327 4308 II
345 4264 361 4308 5
379 4265 404 4309 et
430 4261 456 4309 V
473 4257 533 4323 37),
557 4257 677 4308 Sabinum
704 4259 804 4311 Albium
826 4259 975 4309 coheredem
994 4275 1064 4309 sanna
1088 4260 1179 4310 Cicero
1204 4261 1290 4309 Attica
1312 4261 1438 4324 sipntfieat

294 4326 372 4376 XIII
391 4329 424 4376 14
441 4344 465 4377 a.
484 4326 606 4390 acciit,
625 4326 743 4376 Sabinam
761 4328 805 4392 qai
825 4327 952 4377 Trebonio
971 4335 1099 4381 oratorem
1116 4344 1185 4378 sauro
1202 4329 1298 4377 reddat
1314 4329 1340 4376 in
1357 4328 1440 4376 uariis

292 4395 407 4458 epistulis
425 4395 481 4443 XV
498 4398 532 4445 20
549 4412 574 4445 a.
592 4394 694 4457 BOOX,
713 4396 821 4444 accedat
838 4396 946 4460 denique
964 4395 1073 4445 Sabinae
1090 4397 1132 4447 itte
1150 4397 1175 4445 in
1193 4397 1326 4445 catalecta'e
1348 4395 1439 4460 Verpi-

290 4464 366 4513 lionis
383 4464 492 4516 derisus.
