3304 5206
663 374 671 405 2
1386 306 1407 411 5

261 519 299 580 de
321 518 404 581 istius
422 519 564 597 petitione
585 520 692 587 mittat,
709 520 758 586 ¹ita
780 517 938 580 emendari
956 536 988 581 se
1010 521 1082 580 aelle
1103 527 1137 581 ut
1160 517 1333 597 perfectum
1349 537 1405 600 pe-

260 623 368 682 titionis
389 623 662 683 commentariolum
684 623 796 681 existat
819 623 899 697 (58).
1341 617 1342 621 ’

345 725 396 786 Eu
418 725 476 783 imo
497 726 734 783 commentarioli
758 739 873 783 summa
899 740 1023 799 operam
1051 723 1168 785 dedisse
1197 724 1336 795 Quintum
1358 728 1403 785 in·

259 828 407 901 teliepitur
428 833 462 886 at
481 828 581 886 omnia
603 842 663 886 uno
685 827 717 886 in
739 833 898 900 conspectu
916 833 1042 900 poneret
1056 842 1253 900 quaeeunque
1271 825 1403 898 fratrem

259 930 290 989 in
309 930 452 1004 petitione
467 932 590 1004 possent
610 928 767 988 adiuuare.
798 929 988 1002 aequamini
1008 928 1127 986 dubium
1149 934 1198 1006 es(
1212 931 1284 1001 quin
1301 945 1404 1004 prop-

259 1038 342 1091 terea
363 1047 504 1092 manuue
529 1032 685 1091 consilium
713 1031 770 1090 iroc
797 1028 911 1106 ceperit
936 1030 1018 1105 qnod
1044 1037 1104 1090 tum
1132 1029 1245 1089 Rornae
1273 1031 1404 1105 immines

258 1140 370 1207 quanta
397 1149 512 1192 summa
533 1139 680 1208 poterant
707 1132 862 1197 ambitione
890 1131 1069 1191 contendere
1095 1134 1303 1206 mapistratum
1329 1136 1403 1192 soi-

260 1236 343 1296 bant.
359 1288 370 1314 ⁴,
386 1235 559 1295 immodicos
581 1235 658 1293 enim
681 1236 802 1294 uitiosae
823 1237 886 1294 eius
907 1235 1025 1294 uirtutis
1047 1241 1154 1298 nutus
1168 1236 1334 1294 clarissime
1348 1235 1404 1295 boc
1484 1290 1486 1293 ,

259 1354 349 1397 unum
371 1343 496 1397 testatur
525 1336 605 1411 quod
630 1338 695 1396 alia
721 1338 847 1396 ciuitatis
874 1351 1021 1396 romanae
1047 1343 1144 1395 aetate
1172 1337 1256 1394 nulla
1283 1324 1325 1395 tot
1352 1343 1405 1395 aut

255 1439 362 1510 sactae
382 1444 451 1499 sunt
473 1445 526 1497 aut
541 1440 716 1514 propositae
738 1438 776 1497 de
792 1453 893 1514 poena
916 1438 1041 1498 ambitus
1063 1439 1247 1497 intendenda
1269 1440 1402 1497 minuen-

258 1543 335 1601 daue
356 1542 435 1616 lepos
459 1544 591 1601 senatioe
617 1542 759 1608 consulta,
787 1546 858 1615 quot
877 1542 959 1599 intro
982 1540 1060 1600 illud
1085 1541 1315 1614 quinquennium
1343 1538 1403 1615 quo

257 1652 385 1703 exeunte
404 1643 453 1702 bic
474 1644 589 1702 libellus
611 1643 740 1718 scriptus
761 1647 813 1701 est.
849 1658 918 1701 nam
934 1642 1105 1703 utbreviter
1127 1644 1312 1717 complectar
1327 1659 1404 1716 quae

254 1743 357 1816 fusius
378 1762 444 1805 cum
467 1746 523 1804 alii
543 1751 602 1805 lum
624 1743 656 1804 S.
674 1743 712 1804 H.
730 1742 843 1803 Rinkes
865 1746 895 1802 in
920 1744 1120 1819 disputatione
1142 1744 1179 1802 de
1200 1745 1326 1811 crimine
1339 1760 1402 1802 am-

257 1847 334 1907 bitus
355 1848 436 1906 edita
459 1847 602 1919 Lupduni
622 1862 651 1905 a.
677 1852 756 1904 1854
776 1862 808 1919 p.
833 1851 870 1903 ta
884 1862 922 1904 ss.
945 1840 1120 1920 exposuere,
1137 1847 1345 1921 promulpooit
1365 1846 1403 1904 de

257 1949 368 2009 ambitu
389 1951 481 2022 leaena
497 1963 577 2008 anno
590 1946 835 2006 aaaXXXrJJ
857 1946 1058 2006 C.·Cornelius
1079 1947 1214 2006 tribunus
1233 1949 1400 2022 popularis,

254 2052 379 2125 pertulit
399 2066 485 2110 suam
507 2049 539 2109 C.
565 2048 745 2125 Calpurnius
767 2042 835 2107 Piso
856 2050 961 2109 consul
981 2049 1082 2108 eodem
1105 2065 1193 2107 auno.
1234 2049 1401 2124 Calpurnia

256 2155 320 2226 leae
341 2154 477 2211 accusati
500 2160 569 2212 sunt
598 2151 630 2222 Q.
657 2152 772 2212 Gallius
799 2152 853 2225 aui
873 2157 1054 2226 praeturam
1077 2151 1208 2226 petierat
1235 2153 1266 2210 in
1289 2166 1400 2209 annum
1488 2139 1491 2143 ’

257 2253 435 2313 CCLXXX
439 2253 538 2313 VIIII
562 2255 686 2327 iniitque
713 2252 857 2326 defensus
884 2269 904 2311 a
933 2254 1087 2322 Cicerone,
1123 2260 1151 2312 et
1182 2252 1216 2312 P.
1247 2252 1402 2314 Cornelius

256 2358 343 2418 Sulla
365 2357 397 2415 P.
422 2358 584 2416 Autronius
606 2357 715 2414 Paetus
736 2356 873 2414 consules
894 2357 925 2413 in
953 2356 1079 2416 eundem
1110 2371 1221 2414 aninum
1251 2357 1403 2431 desipnoti

256 2462 308 2536 aui
328 2459 454 2519 ambitus
474 2458 611 2517 damnati
630 2473 689 2517 non
712 2458 854 2516 inierunt.
899 2473 979 2517 anno
1001 2456 1283 2516 CCLXXXVIHI
1297 2459 1401 2519 Cicero

256 2565 286 2622 in
308 2563 442 2621 oratione
460 2576 520 2634 pro
540 2540 677 2618 ‘Cornelio
699 2558 801 2618 babitu
824 2575 921 2634 nuper
939 2557 1057 2631 sactum
1080 2575 1143 2617 esse
1165 2562 1263 2618 senati
1282 2563 1399 2620 consui·

256 2672 316 2723 tum
339 2663 418 2723 discit
444 2663 482 2722 de
508 2664 572 2735 leae
601 2661 770 2736 Calpurnia
798 2663 849 2720 cui
873 2662 1081 2735 deroporetur.
1133 2667 1166 2719 at
1192 2660 1401 2722 additamenta

256 2768 302 2826 oei
322 2767 526 2841 supplementa
550 2763 735 2838 Calpurniae
753 2761 853 2834 fuisso
874 2763 1015 2823 videntur
1037 2765 1087 2821 len
1108 2763 1209 2822 Fabia
1235 2778 1315 2836 puae
1335 2773 1402 2822 erat

256 2869 293 2927 de
315 2881 438 2928 numero
458 2871 648 2934 sectatorum,
671 2873 700 2924 et
720 2866 817 2924 senati
837 2866 1001 2925 consultum
1024 2865 1098 2924 aL.
1125 2864 1254 2924 Caesare
1280 2869 1401 2926 consule

255 2972 331 3029 anni
351 2967 560 3028 CCLXXXX
575 2967 693 3040 factum
716 2967 754 3026 de
776 2967 942 3025 tenuiorum
964 2968 995 3024 in
1017 2967 1196 3026 candidatos
1218 2966 1336 3039 officiis.
1367 2984 1401 3026 eo

255 3079 388 3148 tempore
413 3073 444 3130 in
469 3071 618 3145 petitione.
644 3068 796 3129 Ciceronis
823 3068 944 3127 licentio
970 3066 1096 3127 ambitus
1127 3070 1158 3127 ia
1188 3069 1251 3127 dies
1273 3075 1400 3144 propter

256 3174 401 3232 Catilinae
422 3180 451 3231 et
471 3171 582 3230 Antoni
602 3170 765 3240 audaciam
787 3171 1012 3243 inpraaescente
1033 3175 1154 3229 senatus
1174 3173 1289 3230 censuit
1302 3178 1335 3230 ut
1349 3174 1399 3232 lem

255 3275 381 3334 ambitus
402 3280 493 3333 aucta
514 3274 604 3332 etiam
622 3286 722 3348 poena
740 3271 891 3344 ferretur,
914 3273 967 3332 cui
986 3274 1034 3330 rei
1057 3288 1124 3331 cum
1150 3271 1180 3342 0.
1204 3273 1327 3333 Mucius
1348 3275 1399 3331 tri-

254 3378 350 3436 bunus
370 3377 588 3454 intercessisset,
613 3375 716 3434 Cicero
735 3375 869 3449 pratiam
891 3374 962 3433 nuic
984 3381 1073 3447 atoue
1087 3375 1325 3449 competitoribus
1338 3377 1400 3433 suis

253 3479 494 3539 contumeliosam
516 3477 655 3552 rependit
681 3477 712 3536 iu
735 3479 870 3535 oratione
891 3475 1106 3536 candidatorio
1134 3482 1204 3535 ante
1226 3477 1289 3536 dies
1310 3479 1399 3536 comi-

137 3561 145 3576 *
254 3582 361 3639 tiorum
388 3594 515 3655 paucos.
560 3580 689 3654 denique
720 3580 826 3637 consul
856 3592 938 3636 nano
965 3576 1195 3636 CCLXXXXI
1224 3579 1328 3638 Cicero
1358 3597 1399 3638 eu

225 3683 353 3741 ,senati
372 3680 493 3740 decreto
519 3682 613 3753 lepem
636 3680 674 3738 de
701 3680 813 3738 ambitu
837 3677 968 3738 Tulliam
996 3681 1062 3738 tulit
1087 3695 1147 3753 oua
1173 3688 1203 3739 et
1224 3680 1399 3752 definiretur

255 3781 423 3858 Calpurnio
445 3783 618 3841 accuratius
639 3789 667 3841 et
688 3781 860 3842 damnosius
880 3781 1014 3841 sontibus
1034 3782 1214 3841 sanciretur.
1252 3781 1312 3841 bac
1333 3782 1398 3857 lepe

254 3886 306 3958 qui
326 3889 486 3943 accusmus
507 3890 551 3942 est
571 3882 765 3944 continual.
789 3884 937 3943 Licinium
952 3882 1115 3942 Murenam
1137 3884 1201 3958 ipse
1222 3886 1297 3958 lepis
1318 3886 1398 3943 lotor

254 3978 399 4058 defundit.
429 3986 530 4059 itaque
551 3985 679 4044 ambitus
700 3986 783 4059 quod
802 3986 853 4044 ilio
875 3991 1005 4059 tempore
1019 3984 1268 4045 uehementissime
1278 3988 1396 4059 flabra·

253 4087 314 4165 bat,
336 4089 425 4147 etiam
437 4086 538 4159 fratri
551 4102 628 4160 quae
643 4088 675 4145 in
690 4087 849 4146 ambitione
867 4092 921 4144 aut
934 4092 967 4146 ut
988 4088 1052 4160 ipse
1073 4087 1232 4147 modestius
1254 4087 1342 4154 discit,
1364 4089 1395 4146 in

250 4189 392 4263 petitione
414 4189 535 4261 apenda
562 4194 659 4248 essent
680 4187 804 4258 Quintus
820 4187 1034 4262 praescribere
1055 4191 1242 4265 propositum
1270 4188 1396 4248 babebat

254 4289 297 4346 ita
324 4295 357 4348 ut
383 4291 528 4364 quicquid
547 4307 608 4366 per
639 4292 720 4364 lepes
746 4291 849 4349 liceret
870 4295 1059 4365 perterreret,
1087 4306 1145 4349 non
1174 4292 1318 4349 omitteret
1339 4293 1398 4349 nisi

254 4391 342 4452 uetita
352 4392 553 4467 supplicioque
564 4392 669 4467 dipna.
682 4397 867 4471 quopropter
875 4392 931 4452 etsi
940 4393 1070 4472 imperat
1076 4392 1183 4455 Marco
1193 4398 1227 4452 ut
1236 4398 1397 4472 capnoscot
