3304 5206
273 388 315 455 58
542 461 545 468 ,
676 401 798 463 avium
821 398 1006 448 crcuuours

274 560 348 622 lent:
373 558 491 621 dicendi
513 557 593 627 laus,
615 557 712 617 studia
735 556 964 640 publicanorum
987 563 1017 616 et
1038 555 1186 635 equestris
1209 553 1335 624 ordinis,
1365 552 1418 612 ho·

275 671 385 731 minum
408 667 552 730 nobilium
569 666 712 736 uoluntas,
737 664 1027 729 adolescentulorum
1043 666 1219 745 frequentia,
1244 682 1347 725 eorum
1368 665 1418 743 qui

274 779 358 845 abste
380 774 493 839 defensi
516 785 585 840 sunt
607 777 773 848 assiduitas,
798 795 833 838 ex
855 777 1023 856 municipiis
1045 772 1204 856 multitudo
1227 791 1419 851 eorumquae

272 897 322 951 tua
351 906 438 951 causa
468 890 584 951 venisse
611 895 769 967 appareat,
801 886 877 948 hene
900 893 927 948 te
949 894 982 947 ut
1003 886 1140 947 homines
1162 903 1265 954 nosse,
1294 885 1418 945 comiter

274 998 433 1081 appellare,
458 998 574 1061 assidue
598 994 783 1081 [diligenter]
808 1005 921 1078 petere,
946 997 1107 1076 benignum
1130 1013 1165 1056 33
1181 994 1335 1056 liberalem
1352 1011 1444 1056 esses

273 1109 432 1188 loquantur
470 1117 500 1169 et
537 1110 722 1178 existiment,
760 1108 866 1168 domus
903 1114 935 1168 ut
971 1106 1062 1167 multa
1100 1115 1187 1166 nocte
1223 1104 1417 1184 compleatur,

273 1221 405 1281 omnium
428 1237 571 1298 generum
594 1219 761 1295 frequentia
784 1218 864 1288 assit,
888 1219 959 1278 satis
981 1218 1031 1278 liat
1052 1217 1186 1277 oratioue
1208 1214 1360 1284 omnibus,
1385 1232 1418 1274 re

263 1335 423 1410 ¹operaque
445 1328 560 1398 multis,
589 1328 760 1408 perficiatur
787 1328 816 1389 id
850 1327 928 1408 quod
956 1327 1021 1388 lieri
1046 1332 1145 1406 potest
1171 1324 1274 1386 labore
1302 1334 1331 1385 et
1355 1332 1419 1386 arte

274 1457 309 1501 ac
330 1439 490 1518 diligentia,
509 1457 573 1499 uon
596 1446 630 1500 ut
651 1436 686 1498 ad
709 1438 853 1518 populum
876 1437 913 1498 ab
935 1436 982 1499 his
997 1434 1134 1499 omnihus
1156 1436 1233 1496 lama
1256 1418 1417 1514 pelveniat,

340 1627 403 1675 413
421 1626 527 1676 inseruit
544 1624 692 1674 Sedaetzius
712 1620 717 1688 Ι
737 1624 850 1675 comites
864 1619 870 1688 Ι
890 1626 906 1674 ὗ
923 1623 1075 1688 diligenter
1091 1623 1184 1672 seclusi
1200 1619 1204 1685 Ι
1227 1623 1243 1671 6
1260 1621 1419 1671 scribendum

274 1693 361 1743 multa
379 1692 412 1743 do
431 1696 514 1744 nocte
534 1690 539 1758 Ι
559 1692 750 1759 compleantur
768 1690 773 1758 Ι
792 1691 809 1741 8
826 1690 987 1757 prolicietur
1005 1688 1064 1756 (pro
1081 1705 1130 1755 per
1147 1688 1241 1754 notan)

342 1882 356 1929 1
379 1879 574 1944 hominumque
597 1879 659 1929 136
677 1880 713 1929 38
738 1873 744 1942 Ι
769 1878 786 1927 4
808 1876 880 1927 beno
902 1876 1028 1927 homines
1049 1879 1105 1927 sine
1126 1879 1158 1926 ut
1179 1875 1204 1924 L
1225 1882 1333 1939 praeter
1355 1879 1389 1925 50
1411 1873 1415 1939 Ι

275 1947 429 1999 comuniter
446 1950 455 1996 l
473 1950 509 1999 38
530 1948 534 2010 Ι
555 1947 571 1997 ὅ
590 1945 699 1996 assidue
718 1960 752 1995 ac
771 1945 921 2011 diligenter
940 1946 962 1995 t
982 1944 986 2008 Ι
1011 1945 1147 2010 benignus
1165 1958 1198 1993 ac
1216 1942 1341 1994 liberalis
1359 1946 1419 1992 133

276 2012 279 2081 Ι
304 2018 319 2066 6
342 2015 413 2066 bene
436 2013 513 2079 loqui
537 2014 696 2065 existimare
720 2010 773 2077 (uel
791 2015 923 2063 extimare
941 2015 983 2062 uel
1000 2011 1140 2076 estimare)
1159 2011 1254 2061 domus
1272 2012 1296 2059 L
1312 2017 1419 2076 praeter

276 2086 310 2133 33
331 2084 375 2149 qui
396 2082 542 2148 loquantur
566 2086 594 2132 et
617 2081 777 2132 existiment
798 2083 901 2132 uidetur
921 2080 1016 2131 dobere
1039 2083 1115 2131 31511
1137 2082 1164 2129 in
1186 2095 1234 2145 qno
1253 2078 1324 2129 bene
1343 2078 1419 2141 loqui

274 2151 432 2201 existimare
450 2157 591 2201 correctum
609 2156 656 2200 331.
693 2152 723 2198 31
740 2148 889 2213 loquuntur
912 2152 940 2198 et
958 2147 1117 2199 existiment
1138 2147 1281 2213 lisdemono
1298 2152 1419 2210 suspecta

273 2218 398 2281 33331Ιῖ
417 2216 596 2282 antiperti
614 2221 623 2266 l
641 2220 659 2268 3
678 2220 713 2267 36
731 2220 766 2267 38
786 2214 822 2282 18
840 2216 999 2282 proficiatur
1015 2218 1165 2266 Danielinus
1182 2219 1191 2266 1
1209 2217 1260 2264 122
1278 2217 1338 2275 121,
1357 2228 1417 2278 pro·

273 2286 352 2420 pipat
368 2284 443 2402 inbre
461 2289 470 2334 t
488 2288 505 2336 3
525 2288 560 2336 33
579 2288 613 2336 33
632 2288 664 2335 43
683 2287 732 2334 333
750 2288 801 2334 333
826 2282 831 2351 Ι
857 2286 875 2335 3
898 2284 1419 2350 313333133333333333333

318 2354 456 2404 33313133
477 2354 503 2405 V
518 2357 578 2405 1511

294 2582 298 2588 .
322 2543 338 2590 4
356 2538 564 2605 lepronomine
580 2536 834 2593 313333133313-
861 2542 936 2591 strat
952 2533 1062 2592 assidue
1083 2541 1180 2602 petere
1195 2535 1315 2602 perinde
1337 2540 1368 2590 31
1387 2535 1418 2590 in

272 2610 381 2674 cuntur
399 2621 455 2661 noa
472 2620 625 2672 possumus
637 2619 751 2670 carere,
765 2620 834 2672 pos·
860 2602 938 2674 543.

274 2689 370 2730 semus
387 2675 414 2729 si
430 2675 575 2728 nominum
598 2672 659 2728 loco
680 2673 833 2728 substanti·
907 2678 923 2723 3
941 2668 1417 2727 133313313311333311313333133-
1511 2676 1525 2697 ’·

277 2758 380 2798 aarum
388 2742 560 2809 praemissis
573 2742 692 2810 infinitis
705 2740 774 2795 bene
785 2740 835 2795 ho·
861 2756 922 2794 mus
932 2747 963 2794 ut
972 2738 1059 2795 multa
1068 2746 1150 2793 nocte
1159 2737 1339 2806 compleatur.
1352 2753 1418 2792 narn

276 2809 364 2865 mines
377 2825 473 2871 nosse,
491 2809 607 2864 comiter
619 2807 771 2876 appellare,
789 2806 835 2863 be·
861 2807 1037 2863 salutatores
1047 2809 1141 2874 primo
1150 2822 1233 2861 mane
1242 2805 1420 2861 3331331331

277 2877 391 2944 nigrum
408 2892 439 2931 ac
456 2873 596 2931 liberalem
615 2891 676 2931 esse
696 2875 769 2931 11333
785 2874 836 2930 331·
861 2881 928 2933 ante
940 2875 1032 2930 13333
1042 2875 1130 2930 uelde
1141 2881 1231 2937 nocte,
1241 2873 1327 2928 multa
1337 2880 1418 2930 nocto

271 2945 454 3068 plicarentur
471 2945 606 3011 deinceps
624 2952 655 2998 ut
674 2941 743 2998 bene
761 2942 795 2998 de
807 2949 835 2998 te
862 2940 1418 3008 rorusestadnentorrariorqaeadmit-

288 3021 428 3081 aquantur
445 3018 472 3066 et
489 3011 659 3073 existiment,
684 3010 782 3066 domus
804 3017 836 3065 ut
861 3014 939 3067 titur.
969 3017 997 3066 31
1013 3012 1087 3066 enim
1106 3008 1191 3064 multe
1214 3017 1295 3065 nocte
1312 3010 1419 3064 dicitur

275 3079 455 3149 compleatur.
477 3094 579 3135 uerum
590 3094 653 3134 cam
664 3080 776 3147 infinita
786 3078 835 3133 illa
861 3095 915 3147 333
928 3084 1052 3145 tempore
1064 3079 1121 3133 iam
1134 3077 1222 3132 multa
1234 3081 1278 3133 est
1287 3093 1347 3132 333
1355 3082 1421 3144 post

275 3163 419 3215 suspensa
428 3148 486 3202 siat
496 3144 695 3214 caloquantur
705 3155 732 3201 et
743 3146 834 3201 eristi·
862 3162 1015 3215 uesperam
1026 3146 1079 3201 sub
1091 3146 1211 3200 mediam
1223 3150 1344 3209 noctem,
1361 3161 1419 3200 non

277 3213 835 3281 3331333133,333333333133333313-
862 3231 926 3270 333
938 3214 1017 3269 abire
1030 3229 1090 3269 nox
1102 3215 1193 3280 coepit
1209 3213 1355 3268 matutinis
1369 3213 1419 3268 133·

277 3285 341 3338 rias
357 3282 525 3338 collocatum
542 3287 585 3337 est
601 3281 676 3348 qnod
687 3281 726 3336 ad
733 3282 835 3348 plures
862 3285 905 3337 ris
917 3289 983 3337 ante
996 3281 1171 3337 diluculum:
1184 3296 1310 3347 prorsus
1322 3281 1419 3336 eodem
1522 3325 1524 3329 ,

276 3351 404 3406 domines
410 3352 558 3417 pertinere
568 3350 727 3414 uideretur,
740 3349 837 3405 Murci
861 3351 942 3405 modo
966 3348 1054 3404 multo
1079 3349 1124 3404 die
1151 3348 1257 3404 dicitur
1280 3356 1307 3403 et
1329 3347 1418 3403 inulto

278 3419 374 3540 aliqua
386 3423 453 3472 nota
466 3417 598 3472 addenda
610 3422 666 3479 est,
685 3418 835 3484 etquidem
861 3433 940 3473 mane
955 3433 1019 3472 cum
1035 3417 1098 3473 dies
1121 3423 1148 3472 et
1172 3431 1254 3471 mone
1277 3421 1419 3482 tamqnam

277 3487 377 3541 maius
398 3501 482 3552 3333
503 3490 569 3540 3313
586 3483 737 3553 loquantur
753 3485 833 3540 addi·
862 3487 900 3540 ad
927 3487 1118 3540 maturitatem
1146 3486 1278 3539 increuit.
1324 3486 1418 3551 itaque

276 3561 325 3609 tur
334 3556 364 3608 in
372 3555 516 3621 principio
527 3554 695 3617 sententiae,
707 3558 737 3608 ut
746 3552 834 3619 plena
861 3553 936 3621 33331
948 3554 1065 3619 uesperi
1073 3554 1105 3622 rit
1117 3553 1148 3606 id
1156 3557 1249 3619 potest
1265 3551 1351 3607 multa
1370 3568 1419 3606 uo·

276 3624 339 3677 eius
355 3621 453 3690 forma
470 3623 564 3689 primo
582 3621 679 3676 obtutu
692 3635 833 3689 praesen·
860 3622 994 3702 31311331,
1012 3621 1087 3688 quod
1098 3635 1195 3685 manc,
1212 3621 1243 3674 id
1260 3636 1316 3674 non
1326 3624 1420 3685 potest

278 3693 375 3744 tiatur.
417 3690 550 3756 iamper
576 3690 689 3757 infinita
718 3691 833 3744 remini·
861 3691 918 3744 nisi
935 3687 969 3743 de
985 3687 1070 3743 multa
1088 3695 1177 3743 nocte.
1209 3686 1307 3742 Cicero
1327 3688 1419 3742 Attico

278 3757 379 3813 scendi
390 3772 497 3813 caussa
505 3759 610 3823 paucis
627 3762 835 3812 enumerantur
867 3755 927 3812 VII
937 3761 992 3821 1,2
1010 3755 1120 3811 uenisse
1129 3753 1246 3810 llirtium
1264 3772 1279 3809 a
1296 3754 1418 3817 Caesare,

278 3842 326 3882 res
350 3840 441 3891 supra
464 3826 627 3891 expositae,
648 3825 834 3880 nomenclatio
861 3823 893 3879 ad
913 3840 943 3879 se
960 3840 1017 3879 nou
1034 3822 1197 3884 accessisse,
1218 3831 1245 3877 31
1261 3838 1322 3877 cum
1335 3821 1382 3877 illo
1395 3840 1418 3877 a.

277 3893 416 3949 blanditia
429 3894 587 3948 assiduitas
598 3892 766 3959 denipnitas.
793 3899 835 3946 at·
861 3891 886 3948 d.
901 3891 962 3946 Vlll.
975 3890 1036 3946 idus
1049 3891 1161 3958 uesperi
1175 3890 1305 3952 uenisset,
1318 3888 1418 3944 Balbus

277 3977 330 4027 que
347 3959 417 4015 Itali
433 3961 508 4026 quod
523 3960 705 4015 tradiderunt
725 3959 835 4015 assidue
861 3959 895 4014 de
908 3966 965 4013 1313
983 3975 1013 4014 re
1030 3958 1220 4014 constituisset
1238 3974 1260 4012 3.
1277 3956 1302 4011 d.
1321 3957 1372 4012 Vll.
1385 3956 1418 4010 ud

277 4044 309 4082 ac
333 4025 479 4096 diligenter
496 4033 591 4095 petere
610 4028 642 4081 id
666 4028 749 4082 nimis
770 4042 834 4082 esse
862 4024 1018 4093 Scipionem
1031 4033 1094 4081 ante
1107 4026 1195 4081 lucem
1209 4025 1318 4087 uenire,
1332 4024 1418 4080 multa

276 4096 389 4161 lonpum
399 4096 473 4150 duxi
480 4111 534 4162 pro
544 4094 694 4150 breuitatis
706 4095 833 4150 consilio.
861 4094 895 4149 de
923 4102 1005 4149 nocte
1034 4110 1096 4149 eum
1121 4092 1275 4162 proiectum
1301 4109 1362 4147 csso
1385 4092 1418 4146 ud

278 4178 350 4219 neue
375 4163 524 4230 benignum
552 4179 582 4218 ac
608 4161 749 4218 liberalem
774 4178 834 4218 esse
862 4162 1002 4217 Gaesarem
1020 4162 1109 4217 idest
1126 4163 1211 4217 etiam
1228 4166 1295 4215 ante
1309 4167 1419 4227 tempus

277 4246 366 4299 33333
393 4231 544 4286 uerbosum
566 4238 665 4297 putes,
693 4230 747 4285 doc
768 4230 835 4298 sere
862 4249 879 4284 a
892 4230 983 4285 Baldo
995 4236 1023 4284 et
1034 4228 1167 4296 Scipione
1180 4230 1373 4287 causandum.

278 4304 386 4354 tuntum
402 4305 446 4354 est
462 4297 581 4363 benigne
599 4297 700 4366 largiri.
730 4301 835 4354 omissa
907 4303 922 4348 9
940 4296 973 4352 ab
992 4297 1025 4352 iis
1043 4296 1199 4352 hominibus
1216 4295 1372 4351 Lumbinus
1387 4299 1420 4350 nt

277 4369 308 4420 ia
335 4366 503 4422 Germanico
531 4365 603 4421 libro
632 4382 664 4421 ac
688 4367 836 4433 porticum
862 4368 964 4432 opinor
976 4372 1061 4429 reete,
1076 4367 1103 4420 si
1113 4364 1292 4432 explicamus
1306 4370 1335 4417 ‘a
1347 4381 1419 4430 para·

278 4435 445 4505 simpliciter
452 4434 586 4505 Quintum
596 4437 749 4502 scripsisse
759 4451 833 4490 mon·
862 4434 988 4489 cioridus
1004 4435 1047 4488 eis
1064 4433 1165 4500 quidus
1189 4439 1281 4488 tecum
1304 4447 1353 4487 res
1377 4437 1420 4487 est
