3304 5206
536 427 868 477 consauramouvu
890 427 1091 476 summotus
1342 412 1384 476 63

240 586 403 645 excitamus
431 593 461 645 et
488 586 512 645 si
547 584 717 646 bominibus
751 584 893 646 studiosis
921 581 1146 665 [gratiosisque]
1176 585 1269 645 nostri
1297 602 1383 645 snum

239 696 346 771 cuique
368 713 477 756 munus
499 694 688 756 discribimus
712 697 787 756 etsi
810 693 1055 774 competitoribus
1078 693 1219 755 iudicium
1241 695 1384 774 proponi·

239 823 312 874 mus,
336 804 540 884 sequestribus
562 812 674 866 metum
698 806 850 873 inicimus,
875 802 1019 866 divisores
1042 805 1156 866 ratione
1179 803 1276 883 aliqua
1299 822 1383 864 coer·

239 932 350 984 cemus,
372 915 476 994 perlici
497 921 597 995 potest
618 922 651 976 ut
673 912 789 992 largitio
812 912 893 975 nulla
915 915 955 974 sit
976 910 1025 975 aui
1047 913 1120 975 nihil
1143 912 1245 974 valeat.

212 1040 226 1081 a
323 1024 403 1086 Haec
424 1033 508 1095 sunt,
537 1043 613 1105 quae
642 1025 742 1105 putavi
769 1042 829 1084 non
852 1022 959 1086 melius
982 1024 1060 1085 scire
1082 1043 1129 1085 me
1152 1041 1240 1103 quam
1263 1030 1309 1095 te,
1338 1031 1384 1084 set
1401 1038 1434 1086 58

237 1132 354 1195 facilius
377 1134 423 1194 his
446 1136 505 1196 tuis
527 1133 774 1215 occupationibus
797 1132 937 1212 colligere
961 1151 1052 1195 unum
1075 1134 1106 1193 in
1129 1133 1228 1195 locum
1243 1152 1331 1214 posse
1354 1142 1383 1194 et

236 1243 273 1305 ad
295 1251 325 1306 te
347 1246 513 1324 perscripta
537 1245 663 1306 mittere.
709 1261 785 1321 quae
812 1243 929 1304 tametsi
956 1244 997 1305 ita
1019 1251 1090 1304 sunt
1111 1245 1238 1324 scripta,
1267 1252 1382 1305 utnon

237 1353 272 1419 ad
296 1373 399 1416 omues
423 1355 472 1432 qui
495 1354 625 1415 honores
648 1360 768 1434 petant,
792 1361 838 1414 set
864 1353 900 1414 ad
923 1359 953 1415 te
975 1355 1097 1434 proprie
1120 1362 1149 1414 et
1170 1353 1206 1414 ad
1231 1353 1308 1416 hanc
1330 1373 1382 1434 pe·

237 1465 371 1524 titionem
394 1473 473 1526 tuam
496 1455 626 1538 valiant,
649 1474 749 1525 tamen
772 1469 802 1523 tu
825 1463 921 1540 siquid
945 1463 1118 1525 mutandum
1148 1482 1213 1525 esse
1236 1462 1383 1525 videbitur

200 1581 288 1634 roaut
316 1575 439 1635 omniuo
467 1571 632 1636 tollendum
661 1582 710 1635 aut
743 1573 842 1652 siquid
877 1574 934 1633 erit
961 1574 1169 1653 praeteritum,
1205 1573 1291 1634 velim
1326 1573 1382 1633 boc
1472 1591 1476 1599 ’

181 1750 191 1756 ,
237 1683 309 1743 mibi
337 1683 427 1745 dicas.
478 1682 544 1744 volo
573 1685 651 1744 enim
687 1682 745 1744 boc
777 1682 1055 1744 commentariolum
1088 1683 1253 1762 petitionis,
1278 1682 1382 1744 baberi

236 1795 318 1854 omni
340 1794 455 1854 ratione
477 1795 652 1874 perlectum.

305 1981 319 2029 1
337 1978 458 2041 studiis!
477 1979 663 2045 gratiosisque
680 1981 774 2030 0001001
791 1976 796 2044 Ι
816 1981 832 2029 2
850 1978 1033 2030 describimus
1053 1977 1057 2045 Ι
1078 1982 1094 2031 3
1112 1979 1234 2045 aliquam
1252 1996 1301 2045 per
1318 1995 1382 2031 eom·

235 2048 354 2112 pendium
373 2044 378 2111 l
398 2047 576 2098 cohereemus
595 2045 600 2112 1
619 2050 635 2097 4
654 2048 691 2098 sit
707 2048 821 2113 scripsi:
839 2046 870 2097 fit
888 2047 894 2110 1
913 2047 929 2097 8
947 2047 1114 2111 peticionem
1128 2046 1135 2112 Ι
1151 2050 1181 2099 tt
1200 2050 1382 2101 admentatio-

235 2115 290 2171 lum
307 2114 456 2180 peticionis

305 2285 319 2334 l
337 2284 469 2335 studiosis
492 2285 680 2349 gratiosisque
698 2285 732 2343 L,
751 2284 884 2349 gratiosis
903 2283 1090 2348 studiosisque
1108 2281 1191 2349 1501
1211 2285 1227 2335 i
1245 2283 1381 2334 distribui-

137 2350 139 2357 ‘
236 2367 296 2402 mus
315 2368 366 2417 pro
389 2352 571 2403 describimus
593 2353 727 2402 Palatinas
755 2351 760 2415 1
784 2355 800 2402 3
824 2352 848 2400 si
870 2359 913 2401 aut
936 2352 977 2402 sic
999 2359 1043 2402 aut
1065 2353 1089 2403 si
1112 2367 1146 2402 ex
1164 2352 1339 2417 equestribus
1357 2354 1380 2403 L

236 2428 343 2484 praeter
359 2422 393 2469 50
419 2418 422 2484 1
449 2422 532 2470 taut
549 2426 608 2470 ante
625 2418 705 2469 nullu
722 2421 783 2471 000,
802 2423 812 2470 1
830 2422 865 2469 30
882 2422 915 2468 50
941 2417 1056 2485 10011,
1075 2417 1084 2484 ’1
1108 2421 1204 2470 iistis
1222 2421 1278 2471 tais
1296 2417 1380 2488 1501

237 2486 385 2537 itsmetsi
403 2490 412 2536 1
430 2490 482 2537 36:
511 2493 567 2537 tam
584 2488 631 2537 ts
660 2489 950 2538 0000147501ἳῖ
970 2489 1020 2536 127
1048 2488 1215 2538 tamenetsi
1236 2489 1378 2555 10000οἰ1

236 2555 252 2604 8
270 2559 365 2620 petent
382 2553 466 2619 1501
493 2555 654 2620 petitionem
673 2559 747 2604 tuam
766 2557 776 2604 l
794 2557 829 2605 38
847 2557 914 2604 117:
932 2558 1008 2605 tuam
1027 2570 1073 2606 om.
1091 2558 1102 2605 1
1118 2559 1135 2606 3
1154 2558 1199 2619 00,
1217 2561 1293 2606 tuum
1311 2557 1379 2621 peti-

236 2624 340 2673 tionem
357 2625 367 2673 l
383 2624 477 2689 reliqui
490 2621 495 2687 1
510 2625 525 2673 9
543 2623 596 2673 tibi
614 2621 773 2673 mutandum
791 2625 801 2672 l
817 2625 851 2672 50
866 2620 870 2687 Ι
888 2625 916 2672 11
936 2622 990 2673 hoe
1009 2624 1081 2673 enim
1099 2627 1109 2674 1
1127 2625 1162 2674 38
1178 2624 1232 2674 hoc
1249 2625 1382 2675 001117

235 2690 288 2740 000
306 2689 373 2739 mihi
389 2689 449 2741 libri
465 2690 578 2743 Palermi

240 2791 466 2805 μα*-

235 2858 288 2913 stri
299 2873 333 2914 ea
345 2856 497 2914 Manutius
508 2860 552 2914 sic
560 2860 679 2914 inaertit
691 2858 794 2926 gratio·
843 2905 847 2909 .
866 2862 884 2910 4
901 2856 931 2913 lit
948 2857 1082 2927 faciliore
1095 2859 1164 2915 milti
1175 2862 1222 2916 aia
1233 2860 1273 2916 00
1284 2859 1321 2915 sit
1333 2874 1378 2915 re-

235 2926 273 2981 sis
299 2924 488 2995 studiosisque
514 2926 615 2989 nostri,
648 2926 795 2982 Gesnerus
820 2926 889 2981 duci
899 2943 983 2993 0000
993 2927 1032 2981 00
1040 2925 1087 2981 liat
1097 2928 1257 2984 uidebatur.
1280 2943 1379 2995 nempe
1435 2945 1439 2951 ’

234 2993 288 3049 000
299 2994 380 3049 0000
398 2994 529 3050 studiosis
549 2993 638 3049 nostrl
651 2993 794 3062 gratiosis·
820 2995 848 3048 si
863 2996 921 3049 uim
938 2994 1020 3050 uerbi
1036 2997 1186 3063 utriusque
1207 2995 1255 3052 uei
1270 3001 1379 3051 statera

234 3076 298 3129 que.
327 3062 362 3116 de
378 3063 515 3128 pretiosis
532 3062 692 3118 bominibus
706 3077 794 3129 prore
820 3063 1164 3130 00001000,000011000
1186 3066 1262 3120 eries
1274 3064 1378 3118 discri-

234 3143 286 3183 sus
303 3145 361 3183 non
383 3129 500 3186 0000001
520 3131 746 3185 commemoratio
764 3130 794 3183 in
820 3144 883 3184 men
910 3144 1009 3185 earum
1032 3130 1104 3185 nibil
1124 3082 1224 3187 nubre
1252 3132 1379 3187 arbitror

233 3195 289 3251 000
317 3196 500 3253 conclusione
529 3199 706 3263 instaurari,
737 3198 794 3252 iam
820 3198 859 3252 00
885 3198 1007 3254 alterum
1035 3204 1131 3254 utrum
1159 3200 1378 3266 repudiandum.

233 3267 309 3318 enim
324 3263 379 3319 noc
395 3282 484 3321 0000
500 3267 596 3332 000ον
613 3272 643 3320 01
660 3268 723 3333 ipso
744 3266 794 3321 00·
819 3282 988 3333 00000000
998 3266 1127 3335 forsitan
1139 3268 1281 3349 quispiam
1292 3269 1378 3322 etiam

235 3332 370 3398 uipilante
391 3334 526 3399 petitore,
550 3334 650 3389 amicis
670 3336 734 3389 eius
755 3334 795 3388 ad
820 3335 914 3389 minas
927 3349 1018 3389 suane
1031 3333 1246 3404 diaeritpernei
1259 3342 1290 3389 ut
1302 3333 1356 3390 liat

234 3414 372 3456 summum
389 3402 514 3456 studium
530 3402 666 3457 excitatis
686 3401 792 3457 studio·
864 3400 1114 3457 aistisLambinus
1127 3402 1284 3458 nonsolum
1292 3418 1378 3470 prae·

233 3470 329 3535 sisque
341 3469 412 3525 0000
423 3469 586 3536 dispositis,
605 3470 792 3536 competitori·
819 3474 863 3524 ter
880 3471 1079 3525 necessitatem
1095 3471 1148 3526 seri
1168 3472 1253 3526 etiam
1271 3472 1376 3526 incom-

233 3535 286 3591 000
308 3551 460 3603 eorumque
484 3539 625 3593 ministris
648 3538 725 3592 omni
744 3554 792 3591 ra·
818 3538 908 3601 mode,
921 3539 949 3593 si
959 3539 1023 3605 ipsa
1032 3538 1132 3605 petitio
1144 3538 1376 3661 00οᾸ0010100-

233 3604 309 3658 tione
332 3606 477 3670 repressis
505 3606 684 3661 comitiorum
706 3619 792 3670 prae·
816 3604 931 3673 ferebat
970 3607 1172 3672 occupationes
1231 3607 1378 3674 00000100

233 3677 374 3726 caueatur
402 3674 557 3739 corruptio.
599 3687 688 3740 saper
717 3669 792 3727 studi
818 3678 894 3727 sant.

233 3740 358 3806 scriptae
376 3739 448 3807 grati
469 3739 596 3806 syllabae
613 3754 790 3808 procreans·

233 3811 302 3886 rant
317 3813 509 3863 monstrosam
525 3808 599 3863 illud
614 3805 713 3862 studiis
731 3823 793 3875 gra·

232 3882 340 3942 uostsq.
