<?xml version="1.0" encoding="UTF-8"?>
<!DOCTYPE html PUBLIC "-//W3C//DTD XHTML 1.0 Transitional//EN"
    "http://www.w3.org/TR/xhtml1/DTD/xhtml1-transitional.dtd">
<html xmlns="http://www.w3.org/1999/xhtml" xml:lang="en" lang="en">
 <head>
  <title>
</title>
<meta http-equiv="Content-Type" content="text/html;charset=utf-8" />
  <meta name='ocr-system' content='tesseract 3.04.00' />
  <meta name='ocr-capabilities' content='ocr_page ocr_carea ocr_par ocr_line ocrx_word'/>
</head>
<body>
  <div class='ocr_page' id='page_1' title='image "./quinticiceronis01buecgoog_0052.png"; bbox 0 0 3304 5206; ppageno 0'>
   <div class='ocr_carea' id='block_1_1' title="bbox 427 352 1350 443">
    <p class='ocr_par' dir='ltr' id='par_1_1' title="bbox 427 352 1350 443">
     <span class='ocr_line' id='line_1_1' title="bbox 427 352 1350 443; baseline -0.002 -2"><span class='ocrx_word' id='word_1_1' title='bbox 427 352 430 363; x_wconf 47' lang='lat'><strong>¹</strong></span> <span class='ocrx_word' id='word_1_2' title='bbox 505 393 836 443; x_wconf 79' lang='lat' dir='ltr'>conuuuuumonvn</span> <span class='ocrx_word' id='word_1_3' title='bbox 859 392 1056 441; x_wconf 79' lang='grc'><strong><em>6661616616</em></strong></span> <span class='ocrx_word' id='word_1_4' title='bbox 1307 377 1350 440; x_wconf 80' lang='grc'><em>45</em></span> 
     </span>
    </p>
   </div>
   <div class='ocr_carea' id='block_1_2' title="bbox 174 551 1404 1295">
    <p class='ocr_par' dir='ltr' id='par_1_2' title="bbox 174 551 1404 1295">
     <span class='ocr_line' id='line_1_2' title="bbox 201 551 1350 629; baseline -0.004 -18"><span class='ocrx_word' id='word_1_5' title='bbox 201 559 358 612; x_wconf 71' lang='lat' dir='ltr'>senatores</span> <span class='ocrx_word' id='word_1_6' title='bbox 382 551 556 629; x_wconf 83' lang='lat' dir='ltr'>equitesque</span> <span class='ocrx_word' id='word_1_7' title='bbox 578 551 739 620; x_wconf 63' lang='lat' dir='ltr'>Romanos</span> <span class='ocrx_word' id='word_1_8' title='bbox 761 557 929 611; x_wconf 87' lang='lat' dir='ltr'>ceterorum</span> <span class='ocrx_word' id='word_1_9' title='bbox 951 551 1089 609; x_wconf 76' lang='lat' dir='ltr'><em>ordinum</em></span> <span class='ocrx_word' id='word_1_10' title='bbox 1111 551 1242 609; x_wconf 91' lang='lat' dir='ltr'>omnium</span> <span class='ocrx_word' id='word_1_11' title='bbox 1261 566 1350 607; x_wconf 87' lang='lat' dir='ltr'>uaros</span> 
     </span>
     <span class='ocr_line' id='line_1_3' title="bbox 202 646 1347 740; baseline -0.003 -21"><span class='ocrx_word' id='word_1_12' title='bbox 202 660 341 721; x_wconf 87' lang='lat' dir='ltr'>homines</span> <span class='ocrx_word' id='word_1_13' title='bbox 369 668 399 719; x_wconf 89' lang='lat' dir='ltr'>et</span> <span class='ocrx_word' id='word_1_14' title='bbox 425 646 809 740; x_wconf 79' lang='lat' dir='ltr'>gratiososcomplectere.</span> <span class='ocrx_word' id='word_1_15' title='bbox 860 658 943 718; x_wconf 91' lang='lat' dir='ltr'>multi</span> <span class='ocrx_word' id='word_1_16' title='bbox 974 659 1108 718; x_wconf 85' lang='lat' dir='ltr'>homines</span> <span class='ocrx_word' id='word_1_17' title='bbox 1137 650 1240 727; x_wconf 84' lang='lat' dir='ltr'>urbani</span> <span class='ocrx_word' id='word_1_18' title='bbox 1262 656 1347 717; x_wconf 90' lang='lat' dir='ltr'>indu·</span> 
     </span>
     <span class='ocr_line' id='line_1_4' title="bbox 203 756 1374 851; baseline -0.002 -22"><span class='ocrx_word' id='word_1_19' title='bbox 203 772 278 837; x_wconf 83' lang='lat' dir='ltr'>sirii,</span> <span class='ocrx_word' id='word_1_20' title='bbox 303 756 386 830; x_wconf 89' lang='lat' dir='ltr'>multi</span> <span class='ocrx_word' id='word_1_21' title='bbox 410 769 539 831; x_wconf 90' lang='lat' dir='ltr'>libertini</span> <span class='ocrx_word' id='word_1_22' title='bbox 562 758 681 831; x_wconf 85' lang='grc'><strong><em>161666</em></strong></span> <span class='ocrx_word' id='word_1_23' title='bbox 704 771 825 847; x_wconf 74' lang='lat' dir='ltr'>gratiosi</span> <span class='ocrx_word' id='word_1_24' title='bbox 847 771 971 848; x_wconf 86' lang='lat' dir='ltr'>navique</span> <span class='ocrx_word' id='word_1_25' title='bbox 996 762 1172 829; x_wconf 54' lang='lat' dir='ltr'>versantur(</span> <span class='ocrx_word' id='word_1_26' title='bbox 1197 787 1272 847; x_wconf 89' lang='lat' dir='ltr'>quos</span> <span class='ocrx_word' id='word_1_27' title='bbox 1294 786 1374 851; x_wconf 68' lang='lat' dir='ltr'>per</span> 
     </span>
     <span class='ocr_line' id='line_1_5' title="bbox 202 866 1404 959; baseline -0.001 -21"><span class='ocrx_word' id='word_1_28' title='bbox 202 866 249 951; x_wconf 64' lang='lat' dir='ltr'>aij</span> <span class='ocrx_word' id='word_1_29' title='bbox 276 866 351 959; x_wconf 82' lang='lat' dir='ltr'>qrros</span> <span class='ocrx_word' id='word_1_30' title='bbox 373 899 428 958; x_wconf 89' lang='lat' dir='ltr'>per</span> <span class='ocrx_word' id='word_1_31' title='bbox 450 870 624 941; x_wconf 83' lang='lat' dir='ltr'>communes</span> <span class='ocrx_word' id='word_1_32' title='bbox 653 882 765 941; x_wconf 83' lang='lat' dir='ltr'>amicos</span> <span class='ocrx_word' id='word_1_33' title='bbox 793 881 919 958; x_wconf 75' lang='lat' dir='ltr'>poteriS,</span> <span class='ocrx_word' id='word_1_34' title='bbox 949 897 1062 938; x_wconf 80' lang='lat' dir='ltr'>sununs</span> <span class='ocrx_word' id='word_1_35' title='bbox 1091 868 1168 938; x_wconf 88' lang='lat' dir='ltr'>cura</span> <span class='ocrx_word' id='word_1_36' title='bbox 1189 885 1221 937; x_wconf 90' lang='lat' dir='ltr'>ut</span> <span class='ocrx_word' id='word_1_37' title='bbox 1249 871 1350 956; x_wconf 86' lang='lat' dir='ltr'>cupidi</span> <span class='ocrx_word' id='word_1_38' title='bbox 1402 891 1404 894; x_wconf 74' lang='grc'>’</span> 
     </span>
     <span class='ocr_line' id='line_1_6' title="bbox 174 976 1348 1070; baseline -0.001 -24"><span class='ocrx_word' id='word_1_39' title='bbox 174 991 247 1049; x_wconf 85' lang='grc'><strong><em>6161</em></strong></span> <span class='ocrx_word' id='word_1_40' title='bbox 275 976 333 1050; x_wconf 85' lang='grc'><strong><em>6161</em></strong></span> <span class='ocrx_word' id='word_1_41' title='bbox 361 990 526 1060; x_wconf 84' lang='lat' dir='ltr'>elaborato,</span> <span class='ocrx_word' id='word_1_42' title='bbox 556 993 703 1070; x_wconf 88' lang='lat' dir='ltr'>appetito,</span> <span class='ocrx_word' id='word_1_43' title='bbox 734 989 874 1067; x_wconf 83' lang='lat' dir='ltr'>allegato,</span> <span class='ocrx_word' id='word_1_44' title='bbox 903 1008 1018 1054; x_wconf 90' lang='lat' dir='ltr'>summo</span> <span class='ocrx_word' id='word_1_45' title='bbox 1047 988 1191 1048; x_wconf 80' lang='grc'><strong><em>16666616</em></strong></span> <span class='ocrx_word' id='word_1_46' title='bbox 1219 995 1248 1047; x_wconf 87' lang='grc'>16</span> <span class='ocrx_word' id='word_1_47' title='bbox 1272 986 1348 1049; x_wconf 84' lang='lat' dir='ltr'>albei</span> 
     </span>
     <span class='ocr_line' id='line_1_7' title="bbox 204 1089 1400 1175; baseline 0.001 -17"><span class='ocrx_word' id='word_1_48' title='bbox 204 1089 362 1162; x_wconf 69' lang='lat' dir='ltr'>ostendito}</span> <span class='ocrx_word' id='word_1_49' title='bbox 413 1101 522 1161; x_wconf 88' lang='lat' dir='ltr'>deiude</span> <span class='ocrx_word' id='word_1_50' title='bbox 563 1101 671 1161; x_wconf 89' lang='lat' dir='ltr'>habeto</span> <span class='ocrx_word' id='word_1_51' title='bbox 706 1102 852 1160; x_wconf 84' lang='lat' dir='ltr'>rationem</span> <span class='ocrx_word' id='word_1_52' title='bbox 891 1098 974 1160; x_wconf 92' lang='lat' dir='ltr'>urbis</span> <span class='ocrx_word' id='word_1_53' title='bbox 1009 1100 1112 1167; x_wconf 77' lang='grc'><strong><em>161166,</em></strong></span> <span class='ocrx_word' id='word_1_54' title='bbox 1154 1097 1348 1175; x_wconf 80' lang='lat' dir='ltr'>collegiorum</span> <span class='ocrx_word' id='word_1_55' title='bbox 1366 1112 1400 1159; x_wconf 84' lang='grc'>36</span> 
     </span>
     <span class='ocr_line' id='line_1_8' title="bbox 203 1206 1347 1295; baseline -0.003 -26"><span class='ocrx_word' id='word_1_56' title='bbox 203 1213 352 1278; x_wconf 92' lang='lat' dir='ltr'>omnium,</span> <span class='ocrx_word' id='word_1_57' title='bbox 382 1228 543 1289; x_wconf 81' lang='lat' dir='ltr'><strong>pagorum,</strong></span> <span class='ocrx_word' id='word_1_58' title='bbox 573 1212 764 1271; x_wconf 88' lang='lat' dir='ltr'>vicinitatum.</span> <span class='ocrx_word' id='word_1_59' title='bbox 811 1229 846 1269; x_wconf 83' lang='lat' dir='ltr'>ex</span> <span class='ocrx_word' id='word_1_60' title='bbox 874 1208 920 1269; x_wconf 82' lang='lat' dir='ltr'>his</span> <span class='ocrx_word' id='word_1_61' title='bbox 948 1209 1098 1287; x_wconf 79' lang='lat' dir='ltr'>principes</span> <span class='ocrx_word' id='word_1_62' title='bbox 1126 1206 1161 1267; x_wconf 80' lang='lat' dir='ltr'>arl</span> <span class='ocrx_word' id='word_1_63' title='bbox 1191 1207 1347 1295; x_wconf 74' lang='lat' dir='ltr'>amicitiam</span> 
     </span>
    </p>
   </div>
   <div class='ocr_carea' id='block_1_3' title="bbox 204 1411 1348 1551">
    <p class='ocr_par' dir='ltr' id='par_1_3' title="bbox 204 1411 1348 1551">
     <span class='ocr_line' id='line_1_9' title="bbox 274 1411 1348 1478; baseline -0.001 -16"><span class='ocrx_word' id='word_1_64' title='bbox 274 1415 287 1462; x_wconf 89' lang='lat'>1</span> <span class='ocrx_word' id='word_1_65' title='bbox 307 1413 430 1463; x_wconf 87' lang='lat' dir='ltr'>ordinum</span> <span class='ocrx_word' id='word_1_66' title='bbox 441 1418 568 1470; x_wconf 70' lang='lat' dir='ltr'>=omnium</span> <span class='ocrx_word' id='word_1_67' title='bbox 586 1416 699 1476; x_wconf 75' lang='lat' dir='ltr'>scripsi:</span> <span class='ocrx_word' id='word_1_68' title='bbox 717 1413 854 1463; x_wconf 85' lang='lat' dir='ltr'>hominum</span> <span class='ocrx_word' id='word_1_69' title='bbox 873 1413 942 1478; x_wconf 84' lang='lat' dir='ltr'>quod</span> <span class='ocrx_word' id='word_1_70' title='bbox 958 1411 1094 1477; x_wconf 74' lang='lat' dir='ltr'>Lambinus</span> <span class='ocrx_word' id='word_1_71' title='bbox 1112 1414 1138 1460; x_wconf 88' lang='lat' dir='ltr'>iu</span> <span class='ocrx_word' id='word_1_72' title='bbox 1157 1411 1280 1462; x_wconf 85' lang='lat' dir='ltr'>ordinum</span> <span class='ocrx_word' id='word_1_73' title='bbox 1298 1428 1348 1461; x_wconf 88' lang='lat' dir='ltr'>rnu-</span> 
     </span>
     <span class='ocr_line' id='line_1_10' title="bbox 204 1477 1162 1551; baseline 0.001 -21"><span class='ocrx_word' id='word_1_74' title='bbox 204 1479 318 1546; x_wconf 84' lang='grc'><strong><em>1661116</em></strong></span> <span class='ocrx_word' id='word_1_75' title='bbox 335 1481 422 1532; x_wconf 85' lang='lat' dir='ltr'>habet</span> <span class='ocrx_word' id='word_1_76' title='bbox 439 1482 591 1551; x_wconf 73' lang='lat' dir='ltr'>orationem</span> <span class='ocrx_word' id='word_1_77' title='bbox 608 1484 612 1546; x_wconf 89' lang='grc' dir='ltr'>Ι</span> <span class='ocrx_word' id='word_1_78' title='bbox 628 1484 642 1532; x_wconf 82' lang='grc'><strong><em>7</em></strong></span> <span class='ocrx_word' id='word_1_79' title='bbox 661 1483 828 1546; x_wconf 74' lang='lat' dir='ltr'>expectabam</span> <span class='ocrx_word' id='word_1_80' title='bbox 845 1482 968 1531; x_wconf 88' lang='lat' dir='ltr'>uicorum</span> <span class='ocrx_word' id='word_1_81' title='bbox 983 1477 986 1543; x_wconf 94' lang='grc' dir='ltr'>Ι</span> <span class='ocrx_word' id='word_1_82' title='bbox 1005 1480 1162 1531; x_wconf 81' lang='lat' dir='ltr'>amiciciam</span> 
     </span>
    </p>
   </div>
   <div class='ocr_carea' id='block_1_4' title="bbox 202 1666 1349 2260">
    <p class='ocr_par' dir='ltr' id='par_1_4' title="bbox 202 1666 1349 2260">
     <span class='ocr_line' id='line_1_11' title="bbox 273 1666 1349 1733; baseline -0.001 -17"><span class='ocrx_word' id='word_1_83' title='bbox 273 1669 286 1715; x_wconf 89' lang='lat'>1</span> <span class='ocrx_word' id='word_1_84' title='bbox 311 1682 363 1732; x_wconf 87' lang='lat' dir='ltr'>que</span> <span class='ocrx_word' id='word_1_85' title='bbox 386 1676 446 1732; x_wconf 85' lang='lat' dir='ltr'>post</span> <span class='ocrx_word' id='word_1_86' title='bbox 469 1669 577 1731; x_wconf 82' lang='lat' dir='ltr'>equites</span> <span class='ocrx_word' id='word_1_87' title='bbox 601 1685 648 1718; x_wconf 87' lang='lat' dir='ltr'>om.</span> <span class='ocrx_word' id='word_1_88' title='bbox 669 1672 745 1717; x_wconf 93' lang='grc'><strong><em>1126</em></strong></span> <span class='ocrx_word' id='word_1_89' title='bbox 772 1667 775 1731; x_wconf 96' lang='grc' dir='ltr'>Ι</span> <span class='ocrx_word' id='word_1_90' title='bbox 803 1666 1349 1733; x_wconf 59' lang='grc'><strong><em>6661666666661616616[1666616656</em></strong></span> 
     </span>
     <span class='ocr_line' id='line_1_12' title="bbox 206 1733 1349 1797; baseline 0 -14"><span class='ocrx_word' id='word_1_91' title='bbox 206 1736 256 1783; x_wconf 87' lang='grc'>124</span> <span class='ocrx_word' id='word_1_92' title='bbox 271 1733 275 1797; x_wconf 96' lang='grc' dir='ltr'>Ι</span> <span class='ocrx_word' id='word_1_93' title='bbox 290 1750 376 1785; x_wconf 85' lang='lat' dir='ltr'>nouos</span> <span class='ocrx_word' id='word_1_94' title='bbox 395 1738 404 1784; x_wconf 94' lang='lat' dir='ltr'>l</span> <span class='ocrx_word' id='word_1_95' title='bbox 423 1739 439 1785; x_wconf 89' lang='lat'><strong><em>3</em></strong></span> <span class='ocrx_word' id='word_1_96' title='bbox 459 1737 629 1785; x_wconf 71' lang='grc'><strong><em>4761661661</em></strong></span> <span class='ocrx_word' id='word_1_97' title='bbox 648 1739 682 1785; x_wconf 79' lang='grc'>38</span> <span class='ocrx_word' id='word_1_98' title='bbox 701 1740 734 1785; x_wconf 79' lang='lat' dir='ltr'>ts</span> <span class='ocrx_word' id='word_1_99' title='bbox 753 1739 785 1785; x_wconf 85' lang='grc'><em>49</em></span> <span class='ocrx_word' id='word_1_100' title='bbox 805 1739 1028 1786; x_wconf 77' lang='grc'><strong><em>11712766666</em></strong></span> <span class='ocrx_word' id='word_1_101' title='bbox 1051 1737 1077 1784; x_wconf 92' lang='lat' dir='ltr'><em>V</em></span> <span class='ocrx_word' id='word_1_102' title='bbox 1089 1735 1093 1796; x_wconf 98' lang='grc' dir='ltr'>Ι</span> <span class='ocrx_word' id='word_1_103' title='bbox 1109 1737 1124 1783; x_wconf 79' lang='lat'><strong>2</strong></span> <span class='ocrx_word' id='word_1_104' title='bbox 1143 1735 1241 1784; x_wconf 84' lang='lat' dir='ltr'>urbani</span> <span class='ocrx_word' id='word_1_105' title='bbox 1261 1739 1289 1784; x_wconf 87' lang='lat' dir='ltr'>et</span> <span class='ocrx_word' id='word_1_106' title='bbox 1306 1736 1349 1783; x_wconf 88' lang='lat' dir='ltr'>iu-</span> 
     </span>
     <span class='ocr_line' id='line_1_13' title="bbox 204 1802 1349 1868; baseline 0 -18"><span class='ocrx_word' id='word_1_107' title='bbox 204 1803 302 1853; x_wconf 83' lang='lat' dir='ltr'>‹lustrii</span> <span class='ocrx_word' id='word_1_108' title='bbox 320 1804 329 1851; x_wconf 89' lang='grc'>1</span> <span class='ocrx_word' id='word_1_109' title='bbox 348 1806 450 1852; x_wconf 87' lang='grc'><strong><em>47122</em></strong></span> <span class='ocrx_word' id='word_1_110' title='bbox 469 1807 520 1853; x_wconf 87' lang='grc'>124</span> <span class='ocrx_word' id='word_1_111' title='bbox 539 1807 589 1852; x_wconf 88' lang='grc'>126</span> <span class='ocrx_word' id='word_1_112' title='bbox 612 1802 617 1866; x_wconf 96' lang='grc' dir='ltr'>Ι</span> <span class='ocrx_word' id='word_1_113' title='bbox 643 1808 658 1854; x_wconf 90' lang='grc'>3</span> <span class='ocrx_word' id='word_1_114' title='bbox 677 1804 800 1853; x_wconf 83' lang='lat' dir='ltr'>libertini</span> <span class='ocrx_word' id='word_1_115' title='bbox 818 1805 935 1868; x_wconf 82' lang='lat' dir='ltr'>gratiosi</span> <span class='ocrx_word' id='word_1_116' title='bbox 954 1804 982 1851; x_wconf 93' lang='lat' dir='ltr'>in</span> <span class='ocrx_word' id='word_1_117' title='bbox 1001 1803 1190 1867; x_wconf 80' lang='lat' dir='ltr'>foramenque</span> <span class='ocrx_word' id='word_1_118' title='bbox 1209 1803 1349 1851; x_wconf 79' lang='grc'><strong><em>6616661-</em></strong></span> 
     </span>
     <span class='ocr_line' id='line_1_14' title="bbox 204 1872 1349 1935; baseline 0.001 -18"><span class='ocrx_word' id='word_1_119' title='bbox 204 1885 255 1934; x_wconf 88' lang='lat' dir='ltr'>qnc</span> <span class='ocrx_word' id='word_1_120' title='bbox 275 1873 454 1919; x_wconf 80' lang='grc'><strong><em>14756122</em></strong></span> <span class='ocrx_word' id='word_1_121' title='bbox 475 1875 593 1920; x_wconf 87' lang='grc'><strong><em>124126</em></strong></span> <span class='ocrx_word' id='word_1_122' title='bbox 619 1873 623 1932; x_wconf 94' lang='grc' dir='ltr'>Ι</span> <span class='ocrx_word' id='word_1_123' title='bbox 649 1874 666 1920; x_wconf 89' lang='grc'>4</span> <span class='ocrx_word' id='word_1_124' title='bbox 688 1887 796 1921; x_wconf 81' lang='lat' dir='ltr'>sumere</span> <span class='ocrx_word' id='word_1_125' title='bbox 814 1888 863 1934; x_wconf 89' lang='lat' dir='ltr'>pro</span> <span class='ocrx_word' id='word_1_126' title='bbox 886 1886 991 1935; x_wconf 84' lang='lat' dir='ltr'>summa</span> <span class='ocrx_word' id='word_1_127' title='bbox 1010 1872 1033 1919; x_wconf 80' lang='lat' dir='ltr'><em>L</em></span> <span class='ocrx_word' id='word_1_128' title='bbox 1047 1878 1157 1934; x_wconf 88' lang='lat' dir='ltr'>praeter</span> <span class='ocrx_word' id='word_1_129' title='bbox 1176 1873 1192 1920; x_wconf 88' lang='lat'><strong><em>3</em></strong></span> <span class='ocrx_word' id='word_1_130' title='bbox 1212 1873 1247 1918; x_wconf 85' lang='grc'>36</span> <span class='ocrx_word' id='word_1_131' title='bbox 1265 1873 1298 1919; x_wconf 81' lang='grc'><em>48</em></span> <span class='ocrx_word' id='word_1_132' title='bbox 1317 1873 1349 1918; x_wconf 84' lang='grc'><em>49</em></span> 
     </span>
     <span class='ocr_line' id='line_1_15' title="bbox 204 1936 1348 2002; baseline -0.001 -16"><span class='ocrx_word' id='word_1_133' title='bbox 204 1938 355 2002; x_wconf 82' lang='lat' dir='ltr'>adiungere</span> <span class='ocrx_word' id='word_1_134' title='bbox 373 1945 432 2001; x_wconf 85' lang='lat' dir='ltr'>post</span> <span class='ocrx_word' id='word_1_135' title='bbox 449 1941 556 2002; x_wconf 83' lang='lat' dir='ltr'>poteris</span> <span class='ocrx_word' id='word_1_136' title='bbox 572 1942 713 2002; x_wconf 78' lang='lat' dir='ltr'>interponit</span> <span class='ocrx_word' id='word_1_137' title='bbox 730 1941 815 1989; x_wconf 79' lang='lat' dir='ltr'>codex</span> <span class='ocrx_word' id='word_1_138' title='bbox 833 1938 999 2000; x_wconf 80' lang='grc' dir='ltr'><strong><em>116616116Ιό</em></strong></span> <span class='ocrx_word' id='word_1_139' title='bbox 1016 1940 1056 1987; x_wconf 80' lang='lat' dir='ltr'>tui</span> <span class='ocrx_word' id='word_1_140' title='bbox 1075 1938 1168 2002; x_wconf 87' lang='lat' dir='ltr'>cupidi</span> <span class='ocrx_word' id='word_1_141' title='bbox 1186 1936 1210 1984; x_wconf 81' lang='lat' dir='ltr'><em>L</em></span> <span class='ocrx_word' id='word_1_142' title='bbox 1223 1936 1229 1997; x_wconf 94' lang='grc' dir='ltr'>Ι</span> <span class='ocrx_word' id='word_1_143' title='bbox 1243 1953 1348 1987; x_wconf 87' lang='lat' dir='ltr'>summo</span> 
     </span>
     <span class='ocr_line' id='line_1_16' title="bbox 204 2002 1348 2071; baseline 0.001 -17"><span class='ocrx_word' id='word_1_144' title='bbox 204 2006 294 2054; x_wconf 86' lang='lat' dir='ltr'>studio</span> <span class='ocrx_word' id='word_1_145' title='bbox 315 2014 343 2055; x_wconf 88' lang='lat' dir='ltr'>et</span> <span class='ocrx_word' id='word_1_146' title='bbox 361 2005 495 2056; x_wconf 85' lang='lat' dir='ltr'>beneficio</span> <span class='ocrx_word' id='word_1_147' title='bbox 514 2010 523 2055; x_wconf 90' lang='grc'>1</span> <span class='ocrx_word' id='word_1_148' title='bbox 541 2010 558 2056; x_wconf 93' lang='lat'><strong><em>3</em></strong></span> <span class='ocrx_word' id='word_1_149' title='bbox 579 2009 613 2055; x_wconf 85' lang='grc'>36</span> <span class='ocrx_word' id='word_1_150' title='bbox 633 2011 682 2055; x_wconf 88' lang='grc'>127</span> <span class='ocrx_word' id='word_1_151' title='bbox 703 2007 707 2069; x_wconf 93' lang='grc' dir='ltr'>Ι</span> <span class='ocrx_word' id='word_1_152' title='bbox 736 2006 847 2056; x_wconf 83' lang='grc'><strong><em>61116666</em></strong></span> <span class='ocrx_word' id='word_1_153' title='bbox 867 2004 908 2055; x_wconf 83' lang='lat' dir='ltr'>abt</span> <span class='ocrx_word' id='word_1_154' title='bbox 928 2007 1040 2055; x_wconf 84' lang='lat' dir='ltr'>efficere</span> <span class='ocrx_word' id='word_1_155' title='bbox 1059 2008 1199 2071; x_wconf 80' lang='lat' dir='ltr'>ipierique</span> <span class='ocrx_word' id='word_1_156' title='bbox 1219 2002 1223 2069; x_wconf 94' lang='grc' dir='ltr'>Ι</span> <span class='ocrx_word' id='word_1_157' title='bbox 1242 2007 1258 2054; x_wconf 89' lang='grc'><strong><em>6</em></strong></span> <span class='ocrx_word' id='word_1_158' title='bbox 1276 2006 1348 2055; x_wconf 83' lang='lat' dir='ltr'>habe</span> 
     </span>
     <span class='ocr_line' id='line_1_17' title="bbox 204 2073 1346 2137; baseline -0.001 -16"><span class='ocrx_word' id='word_1_159' title='bbox 204 2077 330 2122; x_wconf 81' lang='lat' dir='ltr'>oratores</span> <span class='ocrx_word' id='word_1_160' title='bbox 347 2075 371 2123; x_wconf 81' lang='lat' dir='ltr'><em>L</em></span> <span class='ocrx_word' id='word_1_161' title='bbox 389 2077 564 2137; x_wconf 75' lang='lat' dir='ltr'>praeteriti:</span> <span class='ocrx_word' id='word_1_162' title='bbox 587 2074 701 2124; x_wconf 78' lang='lat' dir='ltr'>‘habeto</span> <span class='ocrx_word' id='word_1_163' title='bbox 724 2077 859 2123; x_wconf 80' lang='lat' dir='ltr'>rationem</span> <span class='ocrx_word' id='word_1_164' title='bbox 884 2081 922 2124; x_wconf 86' lang='lat' dir='ltr'>est</span> <span class='ocrx_word' id='word_1_165' title='bbox 944 2076 1099 2122; x_wconf 84' lang='lat' dir='ltr'>emendatum</span> <span class='ocrx_word' id='word_1_166' title='bbox 1116 2076 1143 2122; x_wconf 90' lang='lat' dir='ltr'>in</span> <span class='ocrx_word' id='word_1_167' title='bbox 1160 2074 1248 2122; x_wconf 85' lang='grc'><strong><em>666166</em></strong></span> <span class='ocrx_word' id='word_1_168' title='bbox 1267 2073 1346 2122; x_wconf 88' lang='lat' dir='ltr'>Meru-</span> 
     </span>
     <span class='ocr_line' id='line_1_18' title="bbox 202 2140 1349 2219; baseline 0 -30"><span class='ocrx_word' id='word_1_169' title='bbox 202 2143 285 2191; x_wconf 80' lang='grc'><strong><em>61666</em></strong></span> <span class='ocrx_word' id='word_1_170' title='bbox 303 2148 328 2191; x_wconf 90' lang='grc'>61</span> <span class='ocrx_word' id='word_1_171' title='bbox 350 2141 514 2191; x_wconf 82' lang='lat' dir='ltr'>Turnebueo&#39;</span> <span class='ocrx_word' id='word_1_172' title='bbox 533 2140 693 2204; x_wconf 74' lang='lat' dir='ltr'>Lambinusl</span> <span class='ocrx_word' id='word_1_173' title='bbox 716 2142 863 2206; x_wconf 81' lang='lat' dir='ltr'>collegium</span> <span class='ocrx_word' id='word_1_174' title='bbox 885 2144 1029 2219; x_wconf 60' lang='lat' dir='ltr'>Lprpeter·</span> <span class='ocrx_word' id='word_1_175' title='bbox 1048 2145 1081 2190; x_wconf 87' lang='grc'><em>47</em></span> <span class='ocrx_word' id='word_1_176' title='bbox 1107 2142 1111 2204; x_wconf 96' lang='grc' dir='ltr'>Ι</span> <span class='ocrx_word' id='word_1_177' title='bbox 1138 2143 1303 2206; x_wconf 74' lang='lat' dir='ltr'>ipngorum</span> <span class='ocrx_word' id='word_1_178' title='bbox 1322 2145 1349 2189; x_wconf 86' lang='lat' dir='ltr'>et</span> 
     </span>
     <span class='ocr_line' id='line_1_19' title="bbox 202 2210 548 2260; baseline -0.003 -2"><span class='ocrx_word' id='word_1_179' title='bbox 202 2210 348 2259; x_wconf 87' lang='lat' dir='ltr'>ciuitatum</span> <span class='ocrx_word' id='word_1_180' title='bbox 367 2213 410 2259; x_wconf 85' lang='grc'>13</span> <span class='ocrx_word' id='word_1_181' title='bbox 430 2213 479 2258; x_wconf 89' lang='grc'>117</span> <span class='ocrx_word' id='word_1_182' title='bbox 498 2214 548 2260; x_wconf 88' lang='grc'>127</span> 
     </span>
    </p>
   </div>
   <div class='ocr_carea' id='block_1_5' title="bbox 109 2372 1410 4497">
    <p class='ocr_par' dir='ltr' id='par_1_5' title="bbox 109 2372 1410 4497">
     <span class='ocr_line' id='line_1_20' title="bbox 860 2372 872 2393; baseline 0 0"><span class='ocrx_word' id='word_1_183' title='bbox 860 2372 872 2393; x_wconf 66' lang='grc'><em>9</em></span> 
     </span>
     <span class='ocr_line' id='line_1_21' title="bbox 255 2395 1349 2462; baseline 0.003 -14"><span class='ocrx_word' id='word_1_184' title='bbox 255 2397 270 2442; x_wconf 91' lang='grc'>1</span> <span class='ocrx_word' id='word_1_185' title='bbox 294 2395 450 2449; x_wconf 85' lang='grc'><strong><em>66666666</em></strong></span> <span class='ocrx_word' id='word_1_186' title='bbox 472 2400 621 2448; x_wconf 80' lang='lat' dir='ltr'>serrator-es</span> <span class='ocrx_word' id='word_1_187' title='bbox 642 2397 763 2460; x_wconf 85' lang='lat' dir='ltr'>equites-</span> <span class='ocrx_word' id='word_1_188' title='bbox 791 2397 978 2449; x_wconf 84' lang='lat' dir='ltr'>marsiuiauis</span> <span class='ocrx_word' id='word_1_189' title='bbox 996 2396 1147 2451; x_wconf 65' lang='lat' dir='ltr'>[addiscere</span> <span class='ocrx_word' id='word_1_190' title='bbox 1165 2395 1281 2451; x_wconf 79' lang='lat' dir='ltr'>debebat</span> <span class='ocrx_word' id='word_1_191' title='bbox 1301 2397 1349 2462; x_wconf 90' lang='lat' dir='ltr'>qui</span> 
     </span>
     <span class='ocr_line' id='line_1_22' title="bbox 204 2461 1349 2528; baseline 0.001 -12"><span class='ocrx_word' id='word_1_192' title='bbox 204 2479 257 2528; x_wconf 87' lang='lat' dir='ltr'>que</span> <span class='ocrx_word' id='word_1_193' title='bbox 280 2461 469 2528; x_wconf 82' lang='lat' dir='ltr'>amplectendi</span> <span class='ocrx_word' id='word_1_194' title='bbox 486 2463 553 2516; x_wconf 88' lang='lat' dir='ltr'>sunt</span> <span class='ocrx_word' id='word_1_195' title='bbox 570 2461 671 2516; x_wconf 74' lang='lat' dir='ltr'>bicareo</span> <span class='ocrx_word' id='word_1_196' title='bbox 690 2469 763 2515; x_wconf 88' lang='lat' dir='ltr'>cete·</span> <span class='ocrx_word' id='word_1_197' title='bbox 789 2462 867 2516; x_wconf 84' lang='lat' dir='ltr'>bunc</span> <span class='ocrx_word' id='word_1_198' title='bbox 890 2464 1043 2517; x_wconf 89' lang='lat' dir='ltr'>uerborum</span> <span class='ocrx_word' id='word_1_199' title='bbox 1066 2470 1198 2525; x_wconf 76' lang='lat' dir='ltr'>iecerunt</span> <span class='ocrx_word' id='word_1_200' title='bbox 1219 2465 1349 2517; x_wconf 83' lang='lat' dir='ltr'>ordinem</span> 
     </span>
     <span class='ocr_line' id='line_1_23' title="bbox 204 2529 1347 2596; baseline 0.002 -13"><span class='ocrx_word' id='word_1_201' title='bbox 204 2545 299 2585; x_wconf 89' lang='lat' dir='ltr'>rorum</span> <span class='ocrx_word' id='word_1_202' title='bbox 318 2530 444 2584; x_wconf 83' lang='lat' dir='ltr'>ordinum</span> <span class='ocrx_word' id='word_1_203' title='bbox 464 2532 534 2583; x_wconf 90' lang='lat' dir='ltr'>naui</span> <span class='ocrx_word' id='word_1_204' title='bbox 549 2529 697 2584; x_wconf 69' lang='lat' dir='ltr'>nomines.</span> <span class='ocrx_word' id='word_1_205' title='bbox 733 2532 763 2583; x_wconf 87' lang='lat' dir='ltr'>in</span> <span class='ocrx_word' id='word_1_206' title='bbox 790 2530 869 2585; x_wconf 88' lang='lat' dir='ltr'>multi</span> <span class='ocrx_word' id='word_1_207' title='bbox 882 2530 1003 2585; x_wconf 82' lang='lat' dir='ltr'>libertini</span> <span class='ocrx_word' id='word_1_208' title='bbox 1017 2533 1132 2596; x_wconf 82' lang='lat' dir='ltr'>gratiosi</span> <span class='ocrx_word' id='word_1_209' title='bbox 1149 2532 1177 2585; x_wconf 91' lang='lat' dir='ltr'>in</span> <span class='ocrx_word' id='word_1_210' title='bbox 1195 2531 1347 2587; x_wconf 87' lang='grc'><strong><em>16666661-</em></strong></span> 
     </span>
     <span class='ocr_line' id='line_1_24' title="bbox 204 2597 1348 2665; baseline 0.003 -15"><span class='ocrx_word' id='word_1_211' title='bbox 204 2598 286 2651; x_wconf 86' lang='lat' dir='ltr'>libris</span> <span class='ocrx_word' id='word_1_212' title='bbox 303 2604 397 2652; x_wconf 87' lang='lat' dir='ltr'>autem</span> <span class='ocrx_word' id='word_1_213' title='bbox 415 2614 478 2652; x_wconf 84' lang='lat' dir='ltr'>cum</span> <span class='ocrx_word' id='word_1_214' title='bbox 501 2605 656 2651; x_wconf 87' lang='lat' dir='ltr'>ceterorum</span> <span class='ocrx_word' id='word_1_215' title='bbox 675 2597 763 2651; x_wconf 87' lang='lat' dir='ltr'>lromi·</span> <span class='ocrx_word' id='word_1_216' title='bbox 789 2614 844 2665; x_wconf 89' lang='lat' dir='ltr'>que</span> <span class='ocrx_word' id='word_1_217' title='bbox 861 2606 1015 2653; x_wconf 79' lang='lat' dir='ltr'>uersentur.</span> <span class='ocrx_word' id='word_1_218' title='bbox 1046 2601 1103 2652; x_wconf 88' lang='lat' dir='ltr'>ium</span> <span class='ocrx_word' id='word_1_219' title='bbox 1121 2613 1190 2653; x_wconf 87' lang='lat' dir='ltr'>uero</span> <span class='ocrx_word' id='word_1_220' title='bbox 1202 2602 1252 2665; x_wconf 89' lang='lat' dir='ltr'>qui</span> <span class='ocrx_word' id='word_1_221' title='bbox 1263 2608 1348 2653; x_wconf 85' lang='grc'><strong><em>66166</em></strong></span> 
     </span>
     <span class='ocr_line' id='line_1_25' title="bbox 204 2664 1347 2732; baseline 0.002 -14"><span class='ocrx_word' id='word_1_222' title='bbox 204 2681 269 2719; x_wconf 92' lang='lat' dir='ltr'>num</span> <span class='ocrx_word' id='word_1_223' title='bbox 287 2664 428 2731; x_wconf 78' lang='lat' dir='ltr'>leqamus,</span> <span class='ocrx_word' id='word_1_224' title='bbox 446 2665 558 2719; x_wconf 85' lang='grc'><strong><em>6661616</em></strong></span> <span class='ocrx_word' id='word_1_225' title='bbox 573 2682 601 2731; x_wconf 87' lang='lat' dir='ltr'>p.</span> <span class='ocrx_word' id='word_1_226' title='bbox 617 2670 650 2715; x_wconf 82' lang='grc'>12</span> <span class='ocrx_word' id='word_1_227' title='bbox 672 2681 763 2720; x_wconf 90' lang='lat' dir='ltr'>uersu</span> <span class='ocrx_word' id='word_1_228' title='bbox 787 2668 950 2732; x_wconf 80' lang='lat' dir='ltr'>praedicati</span> <span class='ocrx_word' id='word_1_229' title='bbox 959 2672 1027 2721; x_wconf 88' lang='lat' dir='ltr'>sunt</span> <span class='ocrx_word' id='word_1_230' title='bbox 1039 2666 1178 2731; x_wconf 84' lang='lat' dir='ltr'>industrii,</span> <span class='ocrx_word' id='word_1_231' title='bbox 1192 2682 1240 2722; x_wconf 84' lang='lat' dir='ltr'>eos</span> <span class='ocrx_word' id='word_1_232' title='bbox 1254 2669 1347 2721; x_wconf 83' lang='grc'><strong><em>66666</em></strong></span> 
     </span>
     <span class='ocr_line' id='line_1_26' title="bbox 205 2733 1346 2800; baseline 0.006 -18"><span class='ocrx_word' id='word_1_233' title='bbox 205 2738 238 2783; x_wconf 87' lang='grc'>16</span> <span class='ocrx_word' id='word_1_234' title='bbox 251 2740 372 2799; x_wconf 83' lang='lat' dir='ltr'>apparet</span> <span class='ocrx_word' id='word_1_235' title='bbox 380 2733 445 2786; x_wconf 84' lang='lat' dir='ltr'>olim</span> <span class='ocrx_word' id='word_1_236' title='bbox 455 2735 595 2798; x_wconf 84' lang='lat' dir='ltr'>scripturn</span> <span class='ocrx_word' id='word_1_237' title='bbox 604 2733 700 2799; x_wconf 81' lang='lat' dir='ltr'>fuisse</span> <span class='ocrx_word' id='word_1_238' title='bbox 719 2749 762 2787; x_wconf 89' lang='lat' dir='ltr'>ce·</span> <span class='ocrx_word' id='word_1_239' title='bbox 789 2734 847 2787; x_wconf 86' lang='lat' dir='ltr'>diei</span> <span class='ocrx_word' id='word_1_240' title='bbox 858 2750 944 2788; x_wconf 86' lang='lat' dir='ltr'>nanos</span> <span class='ocrx_word' id='word_1_241' title='bbox 963 2737 1025 2800; x_wconf 85' lang='lat' dir='ltr'>quis</span> <span class='ocrx_word' id='word_1_242' title='bbox 1037 2735 1131 2800; x_wconf 82' lang='lat' dir='ltr'>seret?</span> <span class='ocrx_word' id='word_1_243' title='bbox 1156 2736 1241 2790; x_wconf 86' lang='lat' dir='ltr'>credo</span> <span class='ocrx_word' id='word_1_244' title='bbox 1259 2735 1346 2789; x_wconf 83' lang='lat' dir='ltr'>libra-</span> 
     </span>
     <span class='ocr_line' id='line_1_27' title="bbox 206 2800 1348 2871; baseline 0.003 -18"><span class='ocrx_word' id='word_1_245' title='bbox 206 2809 328 2853; x_wconf 88' lang='lat' dir='ltr'>terorum</span> <span class='ocrx_word' id='word_1_246' title='bbox 354 2801 476 2855; x_wconf 90' lang='lat' dir='ltr'>omnium</span> <span class='ocrx_word' id='word_1_247' title='bbox 500 2802 577 2854; x_wconf 88' lang='lat' dir='ltr'>inter</span> <span class='ocrx_word' id='word_1_248' title='bbox 600 2800 763 2866; x_wconf 77' lang='grc'><strong><em>66666661-</em></strong></span> <span class='ocrx_word' id='word_1_249' title='bbox 790 2801 1348 2871; x_wconf 77' lang='lat' dir='ltr'>riumsiueexplanaturumindustriunr</span> 
     </span>
     <span class='ocr_line' id='line_1_28' title="bbox 205 2868 1348 2937; baseline 0.003 -17"><span class='ocrx_word' id='word_1_250' title='bbox 205 2883 269 2921; x_wconf 89' lang='lat' dir='ltr'>num</span> <span class='ocrx_word' id='word_1_251' title='bbox 287 2869 475 2923; x_wconf 85' lang='lat' dir='ltr'>interciderit.</span> <span class='ocrx_word' id='word_1_252' title='bbox 506 2871 549 2922; x_wconf 87' lang='lat' dir='ltr'>sic</span> <span class='ocrx_word' id='word_1_253' title='bbox 566 2871 596 2921; x_wconf 87' lang='lat' dir='ltr'>in</span> <span class='ocrx_word' id='word_1_254' title='bbox 614 2868 764 2923; x_wconf 80' lang='lat' dir='ltr'>consulari</span> <span class='ocrx_word' id='word_1_255' title='bbox 790 2872 852 2923; x_wconf 88' lang='lat' dir='ltr'>siue</span> <span class='ocrx_word' id='word_1_256' title='bbox 859 2869 1054 2924; x_wconf 81' lang='lat' dir='ltr'>libertinorum</span> <span class='ocrx_word' id='word_1_257' title='bbox 1061 2873 1348 2937; x_wconf 85' lang='lat' dir='ltr'>circumscriptarum</span> 
     </span>
     <span class='ocr_line' id='line_1_29' title="bbox 177 2934 1347 3004; baseline 0.005 -17"><span class='ocrx_word' id='word_1_258' title='bbox 177 2967 180 2971; x_wconf 34' lang='grc' dir='ltr'><em>ν</em></span> <span class='ocrx_word' id='word_1_259' title='bbox 199 2951 257 3002; x_wconf 84' lang='lat' dir='ltr'>pro</span> <span class='ocrx_word' id='word_1_260' title='bbox 280 2935 399 2990; x_wconf 80' lang='lat' dir='ltr'>Rabirio</span> <span class='ocrx_word' id='word_1_261' title='bbox 422 2938 551 2990; x_wconf 87' lang='lat' dir='ltr'>oratione</span> <span class='ocrx_word' id='word_1_262' title='bbox 577 2935 675 2991; x_wconf 85' lang='lat' dir='ltr'>Cicero</span> <span class='ocrx_word' id='word_1_263' title='bbox 693 2934 713 3003; x_wconf 62' lang='grc' dir='ltr'><strong><em>ἕ</em></strong></span> <span class='ocrx_word' id='word_1_264' title='bbox 730 2942 764 2986; x_wconf 90' lang='grc'>26</span> <span class='ocrx_word' id='word_1_265' title='bbox 790 2937 1347 3004; x_wconf 73' lang='lat' dir='ltr'>mrrtrtraaz&#39;nemarrepraeuersasgra-</span> 
     </span>
     <span class='ocr_line' id='line_1_30' title="bbox 203 3004 1349 3072; baseline 0.005 -19"><span class='ocrx_word' id='word_1_266' title='bbox 203 3009 267 3068; x_wconf 84' lang='lat' dir='ltr'>post</span> <span class='ocrx_word' id='word_1_267' title='bbox 279 3011 409 3058; x_wconf 83' lang='grc'><strong><em>6666166</em></strong></span> <span class='ocrx_word' id='word_1_268' title='bbox 422 3011 449 3057; x_wconf 87' lang='grc'>61</span> <span class='ocrx_word' id='word_1_269' title='bbox 463 3011 622 3070; x_wconf 81' lang='lat' dir='ltr'>equestrem</span> <span class='ocrx_word' id='word_1_270' title='bbox 635 3005 763 3057; x_wconf 85' lang='lat' dir='ltr'>ordinem</span> <span class='ocrx_word' id='word_1_271' title='bbox 791 3004 855 3058; x_wconf 89' lang='lat' dir='ltr'>tiosi</span> <span class='ocrx_word' id='word_1_272' title='bbox 868 3004 987 3072; x_wconf 84' lang='lat' dir='ltr'>nouique</span> <span class='ocrx_word' id='word_1_273' title='bbox 1000 3005 1157 3059; x_wconf 87' lang='lat' dir='ltr'>obtrusisse</span> <span class='ocrx_word' id='word_1_274' title='bbox 1171 3006 1284 3070; x_wconf 81' lang='lat' dir='ltr'>Quinto,</span> <span class='ocrx_word' id='word_1_275' title='bbox 1301 3010 1349 3072; x_wconf 88' lang='lat' dir='ltr'>qui</span> 
     </span>
     <span class='ocr_line' id='line_1_31' title="bbox 206 3072 1345 3138; baseline 0.004 -16"><span class='ocrx_word' id='word_1_276' title='bbox 206 3087 300 3125; x_wconf 87' lang='lat' dir='ltr'>onmes</span> <span class='ocrx_word' id='word_1_277' title='bbox 314 3073 435 3125; x_wconf 91' lang='lat' dir='ltr'>omnium</span> <span class='ocrx_word' id='word_1_278' title='bbox 449 3072 574 3126; x_wconf 86' lang='lat' dir='ltr'>ordinum</span> <span class='ocrx_word' id='word_1_279' title='bbox 594 3072 718 3127; x_wconf 86' lang='lat' dir='ltr'>homines</span> <span class='ocrx_word' id='word_1_280' title='bbox 737 3078 765 3125; x_wconf 89' lang='grc'>61</span> <span class='ocrx_word' id='word_1_281' title='bbox 790 3088 853 3125; x_wconf 88' lang='lat' dir='ltr'>eum</span> <span class='ocrx_word' id='word_1_282' title='bbox 871 3073 1037 3138; x_wconf 83' lang='lat' dir='ltr'>simpliciter</span> <span class='ocrx_word' id='word_1_283' title='bbox 1053 3074 1192 3127; x_wconf 83' lang='lat' dir='ltr'>scriberet</span> <span class='ocrx_word' id='word_1_284' title='bbox 1216 3073 1296 3127; x_wconf 90' lang='lat' dir='ltr'>multi</span> <span class='ocrx_word' id='word_1_285' title='bbox 1313 3075 1345 3127; x_wconf 87' lang='lat' dir='ltr'>li-</span> 
     </span>
     <span class='ocr_line' id='line_1_32' title="bbox 204 3136 1346 3205; baseline 0.004 -14"><span class='ocrx_word' id='word_1_286' title='bbox 204 3136 224 3201; x_wconf 70' lang='grc'>,6</span> <span class='ocrx_word' id='word_1_287' title='bbox 241 3143 274 3188; x_wconf 87' lang='grc'>27</span> <span class='ocrx_word' id='word_1_288' title='bbox 289 3146 353 3205; x_wconf 87' lang='lat' dir='ltr'>post</span> <span class='ocrx_word' id='word_1_289' title='bbox 370 3147 519 3195; x_wconf 81' lang='lat' dir='ltr'>senatores</span> <span class='ocrx_word' id='word_1_290' title='bbox 543 3143 705 3205; x_wconf 75' lang='lat' dir='ltr'>equitesque</span> <span class='ocrx_word' id='word_1_291' title='bbox 730 3138 764 3193; x_wconf 87' lang='lat' dir='ltr'>de</span> <span class='ocrx_word' id='word_1_292' title='bbox 790 3139 889 3193; x_wconf 82' lang='lat' dir='ltr'>bertini</span> <span class='ocrx_word' id='word_1_293' title='bbox 903 3141 1002 3195; x_wconf 90' lang='grc'><strong><em>161666</em></strong></span> <span class='ocrx_word' id='word_1_294' title='bbox 1014 3148 1169 3204; x_wconf 77' lang='lat' dir='ltr'>uersentur,</span> <span class='ocrx_word' id='word_1_295' title='bbox 1184 3142 1346 3195; x_wconf 83' lang='lat' dir='ltr'>non-taber-</span> 
     </span>
     <span class='ocr_line' id='line_1_33' title="bbox 206 3204 1348 3275; baseline 0.004 -17"><span class='ocrx_word' id='word_1_296' title='bbox 206 3204 323 3260; x_wconf 88' lang='lat' dir='ltr'>tr·ibunis</span> <span class='ocrx_word' id='word_1_297' title='bbox 337 3207 448 3261; x_wconf 85' lang='lat' dir='ltr'>aerariis</span> <span class='ocrx_word' id='word_1_298' title='bbox 463 3215 675 3275; x_wconf 88' lang='lat' dir='ltr'>ceterorumque</span> <span class='ocrx_word' id='word_1_299' title='bbox 689 3207 763 3261; x_wconf 88' lang='lat' dir='ltr'>ordi·</span> <span class='ocrx_word' id='word_1_300' title='bbox 791 3210 889 3261; x_wconf 85' lang='lat' dir='ltr'>nurios</span> <span class='ocrx_word' id='word_1_301' title='bbox 910 3224 962 3262; x_wconf 90' lang='lat' dir='ltr'>nee</span> <span class='ocrx_word' id='word_1_302' title='bbox 973 3208 1159 3273; x_wconf 77' lang='lat' dir='ltr'>pedissequos</span> <span class='ocrx_word' id='word_1_303' title='bbox 1176 3212 1348 3275; x_wconf 78' lang='lat' dir='ltr'>copitauerit</span> 
     </span>
     <span class='ocr_line' id='line_1_34' title="bbox 205 3274 1346 3342; baseline 0.004 -16"><span class='ocrx_word' id='word_1_304' title='bbox 205 3289 269 3326; x_wconf 93' lang='lat' dir='ltr'>num</span> <span class='ocrx_word' id='word_1_305' title='bbox 288 3275 409 3328; x_wconf 91' lang='lat' dir='ltr'>onmium</span> <span class='ocrx_word' id='word_1_306' title='bbox 427 3274 583 3330; x_wconf 86' lang='lat' dir='ltr'>horninibus</span> <span class='ocrx_word' id='word_1_307' title='bbox 601 3290 763 3330; x_wconf 74' lang='grc'><strong><em>6616166166-</em></strong></span> <span class='ocrx_word' id='word_1_308' title='bbox 789 3276 842 3329; x_wconf 87' lang='grc'>666</span> <span class='ocrx_word' id='word_1_309' title='bbox 872 3274 1054 3342; x_wconf 84' lang='lat' dir='ltr'>Tbeopbanis</span> <span class='ocrx_word' id='word_1_310' title='bbox 1078 3275 1245 3341; x_wconf 73' lang='lat' dir='ltr'>Mytilenaei</span> <span class='ocrx_word' id='word_1_311' title='bbox 1270 3279 1346 3330; x_wconf 87' lang='lat' dir='ltr'>simi-</span> 
     </span>
     <span class='ocr_line' id='line_1_35' title="bbox 109 3342 1345 3409; baseline 0.004 -15"><span class='ocrx_word' id='word_1_312' title='bbox 109 3396 112 3401; x_wconf 70' lang='grc'><strong>,</strong></span> <span class='ocrx_word' id='word_1_313' title='bbox 205 3343 291 3396; x_wconf 84' lang='lat' dir='ltr'>rauit.</span> <span class='ocrx_word' id='word_1_314' title='bbox 790 3344 832 3397; x_wconf 88' lang='lat' dir='ltr'>les</span> <span class='ocrx_word' id='word_1_315' title='bbox 849 3342 977 3398; x_wconf 80' lang='lat' dir='ltr'>homines</span> <span class='ocrx_word' id='word_1_316' title='bbox 1000 3344 1086 3398; x_wconf 86' lang='lat' dir='ltr'>rebus</span> <span class='ocrx_word' id='word_1_317' title='bbox 1109 3344 1276 3409; x_wconf 82' lang='lat' dir='ltr'>forensibus</span> <span class='ocrx_word' id='word_1_318' title='bbox 1297 3346 1345 3399; x_wconf 89' lang='grc'>66-</span> 
     </span>
     <span class='ocr_line' id='line_1_36' title="bbox 250 3409 872 3477; baseline 0.008 -18"><span class='ocrx_word' id='word_1_319' title='bbox 250 3409 410 3464; x_wconf 79' lang='grc'><strong><em>2116161666</em></strong></span> <span class='ocrx_word' id='word_1_320' title='bbox 435 3410 530 3465; x_wconf 85' lang='lat' dir='ltr'>urbani</span> <span class='ocrx_word' id='word_1_321' title='bbox 553 3417 695 3465; x_wconf 87' lang='grc'><strong><em>6666661</em></strong></span> <span class='ocrx_word' id='word_1_322' title='bbox 716 3413 765 3477; x_wconf 86' lang='lat' dir='ltr'>qui</span> <span class='ocrx_word' id='word_1_323' title='bbox 789 3412 872 3464; x_wconf 83' lang='lat' dir='ltr'>ditos.</span> 
     </span>
     <span class='ocr_line' id='line_1_37' title="bbox 206 3476 1345 3545; baseline 0.004 -15"><span class='ocrx_word' id='word_1_324' title='bbox 206 3476 311 3544; x_wconf 84' lang='lat' dir='ltr'>Hoffue</span> <span class='ocrx_word' id='word_1_325' title='bbox 329 3493 393 3533; x_wconf 89' lang='lat' dir='ltr'>esse</span> <span class='ocrx_word' id='word_1_326' title='bbox 411 3480 583 3533; x_wconf 85' lang='lat' dir='ltr'>uidebantur</span> <span class='ocrx_word' id='word_1_327' title='bbox 600 3479 692 3544; x_wconf 87' lang='lat' dir='ltr'>piebis</span> <span class='ocrx_word' id='word_1_328' title='bbox 706 3496 763 3545; x_wconf 77' lang='lat' dir='ltr'>ur·</span> <span class='ocrx_word' id='word_1_329' title='bbox 831 3481 1130 3542; x_wconf 78' lang='grc'><strong><em>76161611666161616,</em></strong></span> <span class='ocrx_word' id='word_1_330' title='bbox 1149 3480 1282 3535; x_wconf 88' lang='lat' dir='ltr'>nobilitas</span> <span class='ocrx_word' id='word_1_331' title='bbox 1296 3498 1345 3535; x_wconf 90' lang='lat' dir='ltr'>no-</span> 
     </span>
     <span class='ocr_line' id='line_1_38' title="bbox 205 3547 1346 3614; baseline 0.005 -18"><span class='ocrx_word' id='word_1_332' title='bbox 205 3547 296 3600; x_wconf 88' lang='grc'><strong><em>66666</em></strong></span> <span class='ocrx_word' id='word_1_333' title='bbox 320 3547 448 3601; x_wconf 74' lang='lat' dir='ltr'>homiues</span> <span class='ocrx_word' id='word_1_334' title='bbox 471 3548 502 3599; x_wconf 87' lang='lat' dir='ltr'>iu</span> <span class='ocrx_word' id='word_1_335' title='bbox 526 3547 618 3600; x_wconf 85' lang='lat' dir='ltr'>tribus</span> <span class='ocrx_word' id='word_1_336' title='bbox 635 3547 763 3601; x_wconf 88' lang='lat' dir='ltr'>urbanus</span> <span class='ocrx_word' id='word_1_337' title='bbox 775 3568 777 3575; x_wconf 57' lang='lat'><em>&#39;</em></span> <span class='ocrx_word' id='word_1_338' title='bbox 790 3547 897 3609; x_wconf 86' lang='lat' dir='ltr'>biliam,</span> <span class='ocrx_word' id='word_1_339' title='bbox 922 3550 1077 3613; x_wconf 84' lang='lat' dir='ltr'>antiquitas</span> <span class='ocrx_word' id='word_1_340' title='bbox 1095 3552 1287 3614; x_wconf 85' lang='lat' dir='ltr'>antiquorum,</span> <span class='ocrx_word' id='word_1_341' title='bbox 1306 3552 1346 3603; x_wconf 87' lang='lat' dir='ltr'>ita</span> 
     </span>
     <span class='ocr_line' id='line_1_39' title="bbox 205 3614 1346 3682; baseline 0.003 -16"><span class='ocrx_word' id='word_1_342' title='bbox 205 3616 334 3678; x_wconf 86' lang='lat' dir='ltr'>coniecti,</span> <span class='ocrx_word' id='word_1_343' title='bbox 348 3616 400 3669; x_wconf 87' lang='grc'>666</span> <span class='ocrx_word' id='word_1_344' title='bbox 408 3614 506 3680; x_wconf 83' lang='lat' dir='ltr'>qrrales</span> <span class='ocrx_word' id='word_1_345' title='bbox 518 3614 641 3668; x_wconf 86' lang='lat' dir='ltr'>Plautus</span> <span class='ocrx_word' id='word_1_346' title='bbox 654 3615 763 3668; x_wconf 82' lang='lat' dir='ltr'>deseri·</span> <span class='ocrx_word' id='word_1_347' title='bbox 789 3614 915 3669; x_wconf 85' lang='lat' dir='ltr'>uicinitas</span> <span class='ocrx_word' id='word_1_348' title='bbox 929 3617 1089 3669; x_wconf 85' lang='lat' dir='ltr'>uicinorum</span> <span class='ocrx_word' id='word_1_349' title='bbox 1101 3619 1182 3682; x_wconf 83' lang='lat' dir='ltr'>eopia</span> <span class='ocrx_word' id='word_1_350' title='bbox 1193 3633 1227 3670; x_wconf 88' lang='lat' dir='ltr'>ae</span> <span class='ocrx_word' id='word_1_351' title='bbox 1236 3632 1346 3671; x_wconf 88' lang='lat' dir='ltr'>summa</span> 
     </span>
     <span class='ocr_line' id='line_1_40' title="bbox 178 3681 1346 3749; baseline 0.003 -15"><span class='ocrx_word' id='word_1_352' title='bbox 178 3711 181 3715; x_wconf 57' lang='lat'><em>&gt;</em></span> <span class='ocrx_word' id='word_1_353' title='bbox 203 3684 262 3747; x_wconf 86' lang='lat' dir='ltr'>psit</span> <span class='ocrx_word' id='word_1_354' title='bbox 277 3685 426 3737; x_wconf 88' lang='lat' dir='ltr'>trinummi</span> <span class='ocrx_word' id='word_1_355' title='bbox 443 3698 468 3736; x_wconf 91' lang='lat' dir='ltr'>u.</span> <span class='ocrx_word' id='word_1_356' title='bbox 488 3687 536 3732; x_wconf 83' lang='grc'>169</span> <span class='ocrx_word' id='word_1_357' title='bbox 550 3697 588 3736; x_wconf 88' lang='lat' dir='ltr'>ss.</span> <span class='ocrx_word' id='word_1_358' title='bbox 607 3681 704 3736; x_wconf 87' lang='lat' dir='ltr'>urbani</span> <span class='ocrx_word' id='word_1_359' title='bbox 717 3681 762 3736; x_wconf 85' lang='lat' dir='ltr'>ad·</span> <span class='ocrx_word' id='word_1_360' title='bbox 790 3689 918 3736; x_wconf 84' lang='lat' dir='ltr'>uoeutur.</span> <span class='ocrx_word' id='word_1_361' title='bbox 942 3682 995 3736; x_wconf 84' lang='lat' dir='ltr'>boc</span> <span class='ocrx_word' id='word_1_362' title='bbox 1007 3685 1095 3749; x_wconf 81' lang='lat' dir='ltr'>iqitur</span> <span class='ocrx_word' id='word_1_363' title='bbox 1106 3684 1346 3749; x_wconf 83' lang='lat' dir='ltr'>nomineQuinius</span> 
     </span>
     <span class='ocr_line' id='line_1_41' title="bbox 206 3749 1346 3818; baseline 0.002 -16"><span class='ocrx_word' id='word_1_364' title='bbox 206 3749 278 3804; x_wconf 77' lang='lat' dir='ltr'>sirlui</span> <span class='ocrx_word' id='word_1_365' title='bbox 296 3750 370 3804; x_wconf 89' lang='lat' dir='ltr'>ciues</span> <span class='ocrx_word' id='word_1_366' title='bbox 388 3766 459 3816; x_wconf 89' lang='lat' dir='ltr'>quos</span> <span class='ocrx_word' id='word_1_367' title='bbox 483 3765 592 3804; x_wconf 86' lang='lat' dir='ltr'>scurras</span> <span class='ocrx_word' id='word_1_368' title='bbox 609 3759 711 3803; x_wconf 85' lang='grc'><strong><em>666661</em></strong></span> <span class='ocrx_word' id='word_1_369' title='bbox 733 3750 764 3804; x_wconf 85' lang='lat' dir='ltr'>id</span> <span class='ocrx_word' id='word_1_370' title='bbox 789 3750 933 3803; x_wconf 85' lang='lat' dir='ltr'>bominum</span> <span class='ocrx_word' id='word_1_371' title='bbox 967 3753 1101 3816; x_wconf 80' lang='lat' dir='ltr'>inprimis</span> <span class='ocrx_word' id='word_1_372' title='bbox 1132 3754 1346 3818; x_wconf 79' lang='lat' dir='ltr'>mirreieipub&#39;um</span> 
     </span>
     <span class='ocr_line' id='line_1_42' title="bbox 205 3818 1345 3885; baseline 0.004 -15"><span class='ocrx_word' id='word_1_373' title='bbox 205 3823 248 3870; x_wconf 84' lang='lat' dir='ltr'>est</span> <span class='ocrx_word' id='word_1_374' title='bbox 264 3818 392 3872; x_wconf 76' lang='lat' dir='ltr'>nomines</span> <span class='ocrx_word' id='word_1_375' title='bbox 408 3818 474 3871; x_wconf 87' lang='lat' dir='ltr'>belii</span> <span class='ocrx_word' id='word_1_376' title='bbox 494 3820 623 3884; x_wconf 85' lang='lat' dir='ltr'>propriis</span> <span class='ocrx_word' id='word_1_377' title='bbox 645 3820 763 3883; x_wconf 76' lang='lat' dir='ltr'>repotiis</span> <span class='ocrx_word' id='word_1_378' title='bbox 790 3819 920 3882; x_wconf 76' lang='lat' dir='ltr'>reqiones</span> <span class='ocrx_word' id='word_1_379' title='bbox 945 3819 1198 3885; x_wconf 83' lang='grc'><strong><em>666666116616666</em></strong></span> <span class='ocrx_word' id='word_1_380' title='bbox 1222 3835 1345 3884; x_wconf 86' lang='lat' dir='ltr'>compre·</span> 
     </span>
     <span class='ocr_line' id='line_1_43' title="bbox 206 3885 1346 3952; baseline 0.004 -14"><span class='ocrx_word' id='word_1_381' title='bbox 206 3891 345 3940; x_wconf 87' lang='lat' dir='ltr'>uocantes</span> <span class='ocrx_word' id='word_1_382' title='bbox 368 3886 443 3939; x_wconf 88' lang='lat' dir='ltr'>alius</span> <span class='ocrx_word' id='word_1_383' title='bbox 461 3900 551 3939; x_wconf 90' lang='lat' dir='ltr'>causa</span> <span class='ocrx_word' id='word_1_384' title='bbox 576 3902 615 3940; x_wconf 81' lang='lat' dir='ltr'>ex</span> <span class='ocrx_word' id='word_1_385' title='bbox 639 3892 763 3951; x_wconf 78' lang='lat' dir='ltr'>tenupore</span> <span class='ocrx_word' id='word_1_386' title='bbox 789 3885 887 3939; x_wconf 78' lang='grc'><strong><em>666611</em></strong></span> <span class='ocrx_word' id='word_1_387' title='bbox 903 3901 974 3952; x_wconf 90' lang='lat' dir='ltr'>quae</span> <span class='ocrx_word' id='word_1_388' title='bbox 992 3902 1081 3952; x_wconf 89' lang='lat' dir='ltr'>neque</span> <span class='ocrx_word' id='word_1_389' title='bbox 1098 3894 1188 3942; x_wconf 86' lang='lat' dir='ltr'>statos</span> <span class='ocrx_word' id='word_1_390' title='bbox 1210 3891 1346 3942; x_wconf 83' lang='lat' dir='ltr'>terminus</span> 
     </span>
     <span class='ocr_line' id='line_1_44' title="bbox 205 3953 1345 4019; baseline 0.001 -13"><span class='ocrx_word' id='word_1_391' title='bbox 205 3953 355 4007; x_wconf 75' lang='grc'><strong><em>6161166666</em></strong></span> <span class='ocrx_word' id='word_1_392' title='bbox 380 3956 485 4019; x_wconf 71' lang='lat' dir='ltr'>parieti.</span> <span class='ocrx_word' id='word_1_393' title='bbox 530 3959 587 4008; x_wconf 83' lang='lat' dir='ltr'>tum</span> <span class='ocrx_word' id='word_1_394' title='bbox 617 3960 764 4006; x_wconf 76' lang='lat' dir='ltr'>uersentur</span> <span class='ocrx_word' id='word_1_395' title='bbox 791 3968 843 4007; x_wconf 90' lang='lat' dir='ltr'>uec</span> <span class='ocrx_word' id='word_1_396' title='bbox 876 3970 976 4008; x_wconf 87' lang='lat' dir='ltr'>nomen</span> <span class='ocrx_word' id='word_1_397' title='bbox 1008 3954 1159 4019; x_wconf 79' lang='lat' dir='ltr'>lepitimanr</span> <span class='ocrx_word' id='word_1_398' title='bbox 1191 3955 1345 4009; x_wconf 83' lang='lat' dir='ltr'>baberent:</span> 
     </span>
     <span class='ocr_line' id='line_1_45' title="bbox 206 4018 1345 4086; baseline 0 -12"><span class='ocrx_word' id='word_1_399' title='bbox 206 4024 273 4086; x_wconf 89' lang='lat' dir='ltr'>quia</span> <span class='ocrx_word' id='word_1_400' title='bbox 296 4026 376 4075; x_wconf 86' lang='lat' dir='ltr'>stare</span> <span class='ocrx_word' id='word_1_401' title='bbox 400 4037 456 4075; x_wconf 90' lang='lat' dir='ltr'>non</span> <span class='ocrx_word' id='word_1_402' title='bbox 478 4026 572 4086; x_wconf 85' lang='lat' dir='ltr'>potest</span> <span class='ocrx_word' id='word_1_403' title='bbox 596 4020 714 4074; x_wconf 86' lang='lat' dir='ltr'>nisibis</span> <span class='ocrx_word' id='word_1_404' title='bbox 734 4020 762 4072; x_wconf 94' lang='lat' dir='ltr'>in</span> <span class='ocrx_word' id='word_1_405' title='bbox 788 4018 860 4086; x_wconf 72' lang='lat'>§24</span> <span class='ocrx_word' id='word_1_406' title='bbox 883 4022 1008 4075; x_wconf 82' lang='lat' dir='ltr'>homines</span> <span class='ocrx_word' id='word_1_407' title='bbox 1033 4021 1059 4074; x_wconf 93' lang='lat' dir='ltr'>in</span> <span class='ocrx_word' id='word_1_408' title='bbox 1078 4022 1135 4075; x_wconf 89' lang='lat' dir='ltr'>suis</span> <span class='ocrx_word' id='word_1_409' title='bbox 1158 4022 1345 4076; x_wconf 83' lang='lat' dir='ltr'>uicinitatilrus</span> 
     </span>
     <span class='ocr_line' id='line_1_46' title="bbox 208 4087 1346 4156; baseline 0.002 -15"><span class='ocrx_word' id='word_1_410' title='bbox 208 4089 269 4143; x_wconf 88' lang='grc'><strong><em>1666</em></strong></span> <span class='ocrx_word' id='word_1_411' title='bbox 281 4089 397 4156; x_wconf 86' lang='lat' dir='ltr'>fuitum,</span> <span class='ocrx_word' id='word_1_412' title='bbox 411 4092 495 4143; x_wconf 87' lang='lat' dir='ltr'>etiarn</span> <span class='ocrx_word' id='word_1_413' title='bbox 508 4089 600 4143; x_wconf 83' lang='lat' dir='ltr'>media</span> <span class='ocrx_word' id='word_1_414' title='bbox 613 4091 688 4141; x_wconf 86' lang='lat' dir='ltr'>inter</span> <span class='ocrx_word' id='word_1_415' title='bbox 700 4087 762 4142; x_wconf 89' lang='grc'><strong><em>1666</em></strong></span> <span class='ocrx_word' id='word_1_416' title='bbox 790 4098 815 4142; x_wconf 85' lang='grc'>61</span> <span class='ocrx_word' id='word_1_417' title='bbox 829 4089 983 4155; x_wconf 88' lang='lat' dir='ltr'>municipiis</span> <span class='ocrx_word' id='word_1_418' title='bbox 997 4089 1124 4155; x_wconf 74' lang='lat' dir='ltr'>gratiosi,</span> <span class='ocrx_word' id='word_1_419' title='bbox 1145 4095 1178 4140; x_wconf 89' lang='lat'>31</span> <span class='ocrx_word' id='word_1_420' title='bbox 1192 4093 1346 4156; x_wconf 79' lang='lat' dir='ltr'>municipia</span> 
     </span>
     <span class='ocr_line' id='line_1_47' title="bbox 206 4155 1346 4224; baseline 0.002 -16"><span class='ocrx_word' id='word_1_421' title='bbox 206 4163 233 4209; x_wconf 89' lang='lat' dir='ltr'>et</span> <span class='ocrx_word' id='word_1_422' title='bbox 245 4165 392 4210; x_wconf 78' lang='lat' dir='ltr'>uersentur</span> <span class='ocrx_word' id='word_1_423' title='bbox 405 4157 494 4211; x_wconf 90' lang='lat' dir='ltr'>uerba</span> <span class='ocrx_word' id='word_1_424' title='bbox 503 4158 542 4210; x_wconf 90' lang='grc'>66</span> <span class='ocrx_word' id='word_1_425' title='bbox 555 4164 703 4221; x_wconf 89' lang='lat' dir='ltr'>utrumque</span> <span class='ocrx_word' id='word_1_426' title='bbox 715 4155 763 4209; x_wconf 83' lang='lat' dir='ltr'>bo·</span> <span class='ocrx_word' id='word_1_427' title='bbox 788 4157 915 4210; x_wconf 86' lang='lat' dir='ltr'>colonius</span> <span class='ocrx_word' id='word_1_428' title='bbox 931 4157 1136 4224; x_wconf 74' lang='lat' dir='ltr'>praefecturas</span> <span class='ocrx_word' id='word_1_429' title='bbox 1154 4159 1202 4222; x_wconf 88' lang='lat' dir='ltr'>qui</span> <span class='ocrx_word' id='word_1_430' title='bbox 1218 4159 1346 4211; x_wconf 83' lang='grc'><strong><em>16661661</em></strong></span> 
     </span>
     <span class='ocr_line' id='line_1_48' title="bbox 207 4223 1410 4293; baseline 0.003 -18"><span class='ocrx_word' id='word_1_431' title='bbox 207 4229 313 4278; x_wconf 85' lang='lat' dir='ltr'>minum</span> <span class='ocrx_word' id='word_1_432' title='bbox 324 4239 430 4290; x_wconf 76' lang='lat' dir='ltr'>penus,</span> <span class='ocrx_word' id='word_1_433' title='bbox 449 4225 488 4277; x_wconf 89' lang='grc'>66</span> <span class='ocrx_word' id='word_1_434' title='bbox 503 4224 630 4278; x_wconf 89' lang='lat' dir='ltr'>urbanos</span> <span class='ocrx_word' id='word_1_435' title='bbox 643 4230 669 4278; x_wconf 90' lang='grc'>61</span> <span class='ocrx_word' id='word_1_436' title='bbox 682 4223 763 4276; x_wconf 85' lang='lat' dir='ltr'>liber·</span> <span class='ocrx_word' id='word_1_437' title='bbox 789 4233 820 4277; x_wconf 89' lang='lat' dir='ltr'>nt</span> <span class='ocrx_word' id='word_1_438' title='bbox 844 4224 871 4276; x_wconf 92' lang='grc'>16</span> <span class='ocrx_word' id='word_1_439' title='bbox 896 4223 953 4277; x_wconf 90' lang='lat' dir='ltr'>suis</span> <span class='ocrx_word' id='word_1_440' title='bbox 971 4224 1157 4279; x_wconf 84' lang='lat' dir='ltr'>uicinitatibus</span> <span class='ocrx_word' id='word_1_441' title='bbox 1175 4223 1225 4278; x_wconf 85' lang='lat' dir='ltr'>tibi</span> <span class='ocrx_word' id='word_1_442' title='bbox 1241 4234 1345 4293; x_wconf 80' lang='lat' dir='ltr'>petunt,</span> <span class='ocrx_word' id='word_1_443' title='bbox 1406 4240 1410 4241; x_wconf 48' lang='lat'><em>⁷</em></span> 
     </span>
     <span class='ocr_line' id='line_1_49' title="bbox 206 4293 1345 4359; baseline 0.002 -15"><span class='ocrx_word' id='word_1_444' title='bbox 206 4295 281 4344; x_wconf 82' lang='grc'><strong><em>11666</em></strong></span> <span class='ocrx_word' id='word_1_445' title='bbox 305 4294 416 4356; x_wconf 74' lang='grc'><strong><em>6661166</em></strong></span> <span class='ocrx_word' id='word_1_446' title='bbox 439 4295 547 4356; x_wconf 77' lang='lat' dir='ltr'>referri</span> <span class='ocrx_word' id='word_1_447' title='bbox 570 4307 687 4347; x_wconf 90' lang='lat' dir='ltr'>necesse</span> <span class='ocrx_word' id='word_1_448' title='bbox 711 4297 761 4345; x_wconf 89' lang='grc'><strong><em>661.</em></strong></span> <span class='ocrx_word' id='word_1_449' title='bbox 791 4296 825 4341; x_wconf 83' lang='lat'>32</span> <span class='ocrx_word' id='word_1_450' title='bbox 843 4298 959 4358; x_wconf 86' lang='lat' dir='ltr'>propter</span> <span class='ocrx_word' id='word_1_451' title='bbox 983 4293 1114 4359; x_wconf 87' lang='lat' dir='ltr'>municipi</span> <span class='ocrx_word' id='word_1_452' title='bbox 1131 4299 1178 4346; x_wconf 87' lang='lat' dir='ltr'>aut</span> <span class='ocrx_word' id='word_1_453' title='bbox 1196 4293 1345 4347; x_wconf 80' lang='lat' dir='ltr'>uicinitatis</span> 
     </span>
     <span class='ocr_line' id='line_1_50' title="bbox 207 4359 1347 4426; baseline 0.003 -15"><span class='ocrx_word' id='word_1_454' title='bbox 207 4361 281 4424; x_wconf 80' lang='grc'><strong><em>6666</em></strong></span> <span class='ocrx_word' id='word_1_455' title='bbox 294 4360 416 4424; x_wconf 74' lang='lat' dir='ltr'>Quintus</span> <span class='ocrx_word' id='word_1_456' title='bbox 433 4360 575 4424; x_wconf 73' lang='lat' dir='ltr'>cinctraii,</span> <span class='ocrx_word' id='word_1_457' title='bbox 593 4365 762 4414; x_wconf 87' lang='lat' dir='ltr'>construen-</span> <span class='ocrx_word' id='word_1_458' title='bbox 789 4366 837 4412; x_wconf 84' lang='lat' dir='ltr'>aut</span> <span class='ocrx_word' id='word_1_459' title='bbox 856 4359 958 4424; x_wconf 80' lang='lat' dir='ltr'>collegi</span> <span class='ocrx_word' id='word_1_460' title='bbox 975 4361 1118 4414; x_wconf 87' lang='lat' dir='ltr'>rationem.</span> <span class='ocrx_word' id='word_1_461' title='bbox 1146 4375 1236 4426; x_wconf 89' lang='lat' dir='ltr'>neque</span> <span class='ocrx_word' id='word_1_462' title='bbox 1250 4360 1347 4414; x_wconf 84' lang='lat' dir='ltr'>Marri</span> 
     </span>
     <span class='ocr_line' id='line_1_51' title="bbox 207 4426 1345 4497; baseline 0.003 -15"><span class='ocrx_word' id='word_1_463' title='bbox 207 4427 260 4482; x_wconf 86' lang='grc'>666</span> <span class='ocrx_word' id='word_1_464' title='bbox 274 4429 413 4481; x_wconf 87' lang='lat' dir='ltr'>orationis</span> <span class='ocrx_word' id='word_1_465' title='bbox 426 4433 515 4481; x_wconf 77' lang='grc'><strong><em>66166</em></strong></span> <span class='ocrx_word' id='word_1_466' title='bbox 528 4443 567 4481; x_wconf 80' lang='lat' dir='ltr'>eac</span> <span class='ocrx_word' id='word_1_467' title='bbox 580 4428 660 4482; x_wconf 86' lang='lat' dir='ltr'>libris</span> <span class='ocrx_word' id='word_1_468' title='bbox 674 4426 763 4494; x_wconf 81' lang='lat' dir='ltr'>Laqu-</span> <span class='ocrx_word' id='word_1_469' title='bbox 788 4427 936 4494; x_wconf 82' lang='lat' dir='ltr'>discrepat</span> <span class='ocrx_word' id='word_1_470' title='bbox 946 4444 1016 4484; x_wconf 87' lang='lat' dir='ltr'>usas</span> <span class='ocrx_word' id='word_1_471' title='bbox 1026 4428 1165 4495; x_wconf 82' lang='lat' dir='ltr'>loquendi.</span> <span class='ocrx_word' id='word_1_472' title='bbox 1182 4435 1265 4497; x_wconf 81' lang='lat' dir='ltr'>(rique</span> <span class='ocrx_word' id='word_1_473' title='bbox 1275 4430 1345 4485; x_wconf 89' lang='grc'><strong><em>6666</em></strong></span> 
     </span>
    </p>
   </div>
   <div class='ocr_carea' id='block_1_6' title="bbox 0 0 1656 5206">
    <p class='ocr_par' dir='ltr' id='par_1_6' title="bbox 0 0 1656 5206">
     <span class='ocr_line' id='line_1_52' title="bbox 0 0 1656 5206; baseline 0 0"><span class='ocrx_word' id='word_1_474' title='bbox 0 0 1656 5206; x_wconf 95' lang='lat' dir='ltr'> </span> 
     </span>
    </p>
   </div>
  </div>
 </body>
</html>
