3304 5206
787 1233 808 1300 I

242 1445 908 1545 COMMENTARIOLVM
954 1436 1351 1547 PETITIONIS

308 1902 316 1913 *
392 1887 620 1979 oronnae
654 1887 832 1964 araneo
865 1886 1057 1965 aaroni
1090 1888 1128 1963 s.
1160 1890 1208 1964 o.

312 2093 372 2155 Etsi
394 2092 447 2155 tibi
468 2095 566 2153 omnia
588 2101 748 2173 suppetunt
768 2112 802 2154 ea
828 2112 905 2173 quae
931 2096 1074 2173 consequi
1099 2095 1220 2172 ingenio
1241 2102 1292 2156 aut
1312 2114 1368 2157 usu
1392 2104 1404 2153 1
1426 2105 1437 2152 1

227 2204 362 2266 homines
385 2203 450 2286 [ant
469 2202 676 2285 intelligentia]
698 2211 835 2284 possunt,
861 2212 959 2269 tamen
981 2223 1083 2266 amore
1099 2212 1201 2266 nostro
1221 2223 1282 2266 non
1305 2226 1370 2271 sum

298 2408 511 2459 Banomnnnars
534 2423 647 2460 ooo1o1a
667 2421 887 2459 maonmenam:
917 2409 930 2458 1
950 2407 973 2472 Q
985 2407 1029 2459 ·M
1039 2432 1044 2443 ·
1055 2404 1117 2459 PRl
1129 2433 1135 2444 ·
1147 2404 1165 2456 S
1176 2433 1181 2445 ·
1192 2407 1216 2458 D
1228 2432 1233 2443 ·
1254 2404 1260 2474 Ι
1283 2410 1299 2459 3
1322 2413 1372 2461 aut

227 2474 415 2541 intelligentia
432 2479 525 2528 eeclnei
1153 2507 1157 2514 ·

228 2594 456 2606 --——-—«

296 2663 425 2715 Sannione
443 2679 568 2716 amoravii
585 2679 788 2715 oiocanrnnrm
805 2667 863 2715 aide
880 2681 907 2729 p.
927 2667 976 2714 13:
1000 2667 1013 2716 1
1037 2665 1202 2728 inscriptione
1220 2671 1292 2715 earet
1310 2668 1319 2715 l
1338 2668 1372 2716 36

228 2732 262 2799 Q.
281 2731 380 2782 Cicero
399 2732 438 2783 de·
452 2734 585 2798 petitione
605 2731 764 2785 consulatus
782 2732 817 2784 ed
829 2732 868 2787 Μ.
880 2731 1000 2782 Tullium
1020 2730 1134 2782 fratrem
1152 2734 1161 2781 l
1181 2734 1198 2782 3
1216 2733 1249 2781 47
1267 2734 1370 2782 69122

228 2803 279 2849 127
300 2800 333 2862 Q.
347 2798 488 2851 Ciceronis
507 2801 541 2851 de
560 2802 695 2866 petitione
715 2799 877 2851 consulatus
896 2800 931 2850 ad
943 2798 979 2853 Μ.
992 2797 1111 2849 Tullium
1130 2800 1244 2850 fratrem
1263 2799 1317 2863 (aaa
1336 2800 1372 2850 ad

227 2867 350 2918 Mardum
370 2868 495 2933 fratrem)
513 2869 584 2918 liber
601 2872 660 2919 748
679 2871 712 2918 49
731 2872 782 2919 124
800 2872 850 2918 126
869 2868 1093 2918 commentarium
1111 2866 1254 2933 petitionis
1273 2883 1372 2918 eonsu-

227 2935 301 2985 lntus
319 2935 356 2984 M.
374 2936 405 2984 Τ.
426 2936 501 2990 Cice,
521 2936 555 2985 nd
575 2937 607 2998 Q.
626 2937 740 2986 fratrem
758 2940 814 2987 138
833 2936 866 2985 de
884 2935 1018 3001 petitione
1037 2935 1198 2986 consulatus
1217 2936 1252 2985 ad
1270 2936 1303 2998 Q.
1323 2943 1373 2987 aiat

227 3003 264 3052 M.
283 3002 443 3053 Ciceronem
463 3004 586 3054 fratrem.
606 3004 678 3069 quod
696 3004 857 3069 opuseulum
875 3018 940 3068 pars
958 3003 995 3051 Μ.
1015 3003 1167 3065 Ciceronis,
1185 3019 1250 3069 para
1263 3004 1371 3065 Quintil

227 3084 288 3121 esse
307 3069 412 3126 uolunt.
435 3072 543 3137 phrasin
562 3077 653 3122 autem
673 3077 701 3121 et
719 3072 790 3121 ratio
809 3071 911 3132 Quinto
931 3070 1104 3129 adiudicatum
1122 3086 1186 3120 nam
1205 3070 1372 3122 601669161-

227 3152 274 3188 oua
293 3137 462 3189 consulatum
482 3140 577 3205 gessit.
609 3145 638 3189 at
657 3139 845 3203 cuiuscunque
865 3143 920 3201 est,
939 3138 1133 3203 poenitendum
1153 3144 1228 3189 certe
1247 3154 1301 3189 non
1320 3143 1370 3201 eat,

229 3210 257 3255 et
275 3207 339 3270 quia
357 3207 490 3258 orationis
510 3207 610 3258 saltem
628 3208 826 3272 paraeneticen
845 3207 960 3257 formam
978 3206 1077 3267 habet,
1101 3206 1220 3257 caeteris
1243 3208 1372 3273 apposui-

228 3287 287 3322 mus
305 3276 380 3323 7117
404 3275 437 3325 de
462 3277 597 3340 petitione
616 3274 774 3325 consulatus
793 3275 828 3325 ad
846 3275 878 3336 Q.
897 3275 930 3325 fr.
957 3275 985 3323 V
999 3291 1072 3323 mann
1088 3277 1232 3325 recentiore
1250 3274 1284 3325 de
1302 3275 1372 3340 peti·

227 3341 302 3391 tione
321 3341 481 3393 consulatus
498 3344 634 3393 Parisinus
651 3346 710 3394 item
726 3346 871 3393 recentiore
886 3344 1001 3405 sortasse
1017 3343 1115 3392 iltioni
1129 3359 1203 3392 monn
1217 3340 1253 3408 12
1272 3357 1307 3393 ea
1325 3359 1371 3396 om.

228 3410 252 3459 L
268 3408 1044 3477 166661664849131161161166666.733638117127
1064 3410 1068 3472 Ι
1089 3414 1137 3459 aut
1158 3409 1305 3476 diligentie
1322 3412 1346 3461 L
1367 3418 1370 3475 ζ

229 3477 264 3527 ab
286 3493 379 3529 amore
401 3483 446 3531 73
469 3483 504 3530 36
526 3482 560 3528 47
581 3482 614 3530 48
633 3482 666 3529 49
684 3482 717 3528 59
736 3481 785 3528 126
804 3482 854 3529 127

231 3727 234 3732 Δ
268 3663 408 3714 Senoma:
442 3663 788 3731 3autintelligentia]non
815 3680 867 3725 nus
880 3663 991 3730 ingenio
1004 3678 1125 3732 possum,
1139 3661 1292 3718 subsidium
1304 3663 1371 3719 mihi

229 3735 306 3786 reete
321 3730 403 3797 saeta
419 3731 525 3786 dinirio
546 3737 601 3794 ert,
624 3748 691 3787 nam
711 3732 787 3799 inge·
814 3731 984 3798 diligentiam
998 3729 1168 3797 commeani,
1185 3745 1256 3801 quae
1268 3738 1371 3800 quanta

194 3844 199 3855 t
228 3797 304 3853 nium
316 3802 345 3853 et
356 3814 423 3853 usus
436 3801 463 3853 oi
474 3805 697 3866 componuntnr,
714 3816 787 3855 eom·
814 3800 858 3861 sit,
872 3799 924 3853 nisi
939 3806 1045 3867 tenipus
1056 3805 1083 3853 et
1092 3797 1211 3865 spatium
1220 3796 1314 3853 datum
1324 3799 1371 3864 sit,

227 3866 368 3933 prehendi
379 3865 436 3921 illie
454 3865 663 3933 intelligentiam
679 3883 788 3935 quoqne
799 3891 803 3895 ·
814 3866 938 3933 intellegi
951 3882 1007 3921 non
1023 3872 1125 3934 potest.
1152 3871 1305 3932 praeterea
1322 3865 1371 3921 ho·
1415 3902 1417 3906 -

228 3940 350 4003 apparet
361 3951 445 4000 quam
457 3940 507 3989 aut
519 3941 626 3989 natura
636 3937 725 3989 (inimi
737 3941 788 3990 ant
813 3934 900 3993 mines
918 3937 1012 4001 inepte
1029 3934 1188 3999 tripertitae
1200 3936 1371 3989 enuntiatio·

228 4004 409 4068 experientia
429 4002 576 4082 praebeat.
613 4017 702 4069 neque
719 4002 789 4057 Itali
814 4004 860 4057 nis
874 4003 1005 4057 commati
1020 4000 1146 4055 seeundo
1163 4001 1371 4057 additamenta

228 4070 375 4136 noniano
388 4070 528 4137 diligentia
542 4072 731 4137 seripserunt,
750 4087 785 4125 ea
811 4069 901 4125 eidem
928 4069 997 4125 Itali
1019 4068 1234 4131 intellexerant,
1259 4085 1323 4124 eum
1341 4071 1372 4124 id

229 4140 303 4191 enim
319 4144 376 4191 tam
389 4140 513 4206 propria
531 4143 574 4193 est
592 4154 658 4192 usus
677 4144 707 4191 ut
728 4155 786 4193 non
812 4138 981 4193 uocabulum
1003 4136 1143 4191 delerant.
1179 4151 1232 4191 noa
1253 4139 1302 4204 aar·
1321 4138 1370 4193 ab-

228 4207 319 4268 poeeit
335 4207 450 4260 tertiam
463 4211 582 4273 praeter
599 4206 655 4260 dno
675 4205 725 4261 illa
746 4206 785 4260 lo·
812 4220 875 4260 erse
889 4205 1013 4260 liomines
1032 4204 1178 4267 nolumus,
1196 4205 1322 4259 insiticia
1335 4221 1370 4260 ea

229 4287 292 4325 cam
304 4272 437 4328 obtinere.
461 4273 587 4329 nelntM.
597 4272 786 4340 Ciceropnem
812 4278 1035 4339 quaererentur
1049 4272 1216 4332 indicamur.
1232 4287 1369 4339 praesen·-

230 4337 318 4405 Hoffa
335 4339 489 4395 aduocauit
504 4358 558 4408 pro
578 4341 709 4408 Quinctio
732 4338 753 4409 5
770 4345 786 4391 7
812 4343 860 4394 tim
872 4356 936 4395 enm
954 4340 1012 4396 alio
1029 4341 1102 4395 rotie
1119 4339 1206 4396 multa
1223 4346 1370 4396 uersatam

229 4421 320 4474 nequa
332 4422 385 4461 usu
397 4408 463 4463 satis
476 4411 566 4476 inquit
578 4418 606 4464 et
614 4409 725 4477 ingenio
738 4423 786 4475 pa·
812 4423 876 4463 eane
900 4409 930 4462 in
952 4407 1007 4463 hoe
1027 4407 1118 4462 libello
1135 4407 1370 4474 interpolatorem

229 4490 289 4531 rum
306 4489 435 4546 possum,
453 4481 510 4532 tam
526 4475 575 4546 §i
592 4476 722 4550 quonlam
737 4477 786 4532 ml·
813 4476 964 4534 admodum
977 4475 1092 4533 stallum
1104 4481 1237 4543 arpaant.
