3304 5206
533 429 863 478 eouunnrnnronvu
885 430 1085 479 enrrraonrs
1333 415 1376 478 53

230 590 301 653 tatio
323 598 457 650 naturam
481 590 608 650 vincere.
654 605 722 648 nem
745 589 868 648 comitas
890 586 942 649 tibi
965 605 1026 647 non
1041 586 1125 648 deest
1147 605 1181 648 ee
1197 605 1273 668 quae
1297 586 1374 647 bono

231 720 266 763 ac
293 702 376 762 suavi
402 698 522 760 homine
551 698 639 777 digna
667 706 727 768 est,
763 706 809 759 set
835 716 911 777 opus
939 705 986 759 est
1013 714 1194 779 magnopere
1222 696 1373 767 blanditia,

230 828 305 888 quae
327 812 414 870 etiam
438 811 463 870 si
485 810 589 870 vitiose
612 815 657 869 est
687 816 716 869 et
743 808 838 887 turpis
860 809 891 868 in
913 813 1013 868 cetera
1037 808 1109 875 vita,
1140 814 1240 868 tamen
1267 810 1298 868 in
1321 827 1373 887 pe·

230 922 336 981 titione
366 920 571 981 necessariest.
622 936 655 978 ee
690 919 769 978 enim
803 936 871 979 curn
906 917 1086 1001 deteriorem
1115 916 1242 996 aliquem
1271 935 1373 977 assen-

202 1030 319 1093 stando
348 1030 432 1099 iacit,
461 1038 523 1091 turn
545 1028 681 1109 improba
704 1034 764 1099 est,
792 1029 1072 1097 concinniorem,
1096 1036 1237 1088 nontam
1261 1028 1373 1106 vitupe-

229 1138 336 1208 randa;
359 1141 480 1219 petitori
502 1157 570 1200 vero
594 1140 762 1200 necessaria
786 1146 839 1209 est,
863 1139 948 1200 cuius
971 1139 1055 1199 frons
1070 1145 1101 1199 et
1115 1137 1213 1198 vuitus
1230 1145 1260 1198 et
1274 1155 1374 1199 sermo

183 1280 187 1292 ·
229 1251 264 1312 ad
288 1270 390 1312 eorum
414 1267 617 1329 quoscumque
639 1250 821 1319 convenerit,
844 1266 964 1308 sensum
989 1256 1018 1308 et
1040 1247 1219 1309 voluntatem
1241 1266 1372 1308 commu·

228 1359 335 1423 tandus
358 1366 388 1421 et
409 1359 678 1421 accommodandus
701 1367 754 1420 est.
798 1359 858 1419 lem
882 1357 1059 1419 assiduitatis
1082 1356 1196 1419 nullum
1218 1366 1264 1419 est
1285 1376 1371 1437 prae·
1390 1363 1424 1412 43

228 1478 358 1550 ceptum,
384 1469 505 1531 verbum
528 1471 625 1549 ipsum
648 1469 736 1530 docet
758 1488 832 1548 quae
861 1486 911 1529 res
937 1469 984 1529 sit.
1029 1467 1151 1547 prodest
1179 1468 1299 1547 quidem
1322 1488 1370 1530 ve-

191 1595 215 1635 10
229 1580 384 1641 hementer
407 1598 553 1661 nusquam
576 1578 745 1648 discedere,
775 1586 820 1640 set
848 1586 947 1639 tamen
970 1578 1019 1640 hic
1041 1579 1158 1639 fructus
1181 1587 1225 1640 est
1246 1578 1372 1640 assidui·

229 1691 304 1760 tetis,
328 1709 387 1752 non
410 1689 506 1751 solum
537 1707 603 1751 esse
628 1688 739 1751 Rornae
768 1695 858 1768 atque
886 1690 917 1749 in
945 1689 1013 1749 ioro
1041 1695 1087 1748 set
1113 1688 1231 1750 assidue
1257 1696 1371 1768 petere,

228 1819 318 1880 saepe
340 1799 461 1861 eosdem
484 1798 648 1880 appellare,
679 1818 739 1860 non
762 1801 949 1861 committere
977 1809 1009 1859 ut
1031 1800 1186 1877 quisquam
1209 1801 1304 1879 possit
1327 1799 1370 1859 di·

227 1930 296 1972 cere
317 1910 397 1996 quod
420 1912 484 1972 eius
506 1911 649 1987 consequi
671 1911 775 1990 possis
799 1911 825 1970 si
846 1909 928 1970 abste
950 1927 1010 1970 non
1033 1910 1072 1971 sit
1092 1917 1227 1987 rogatum
1244 1915 1274 1970 et
1288 1908 1372 1971 vaide

295 2140 308 2187 1
327 2142 489 2188 naturarum
504 2133 539 2200 12
558 2136 699 2187 blandinio
718 2134 724 2201 Ι
743 2140 759 2188 3
776 2137 886 2187 uioiosa
904 2134 910 2201 Ι
929 2141 958 2187 61
974 2137 1079 2202 inturpi
1097 2144 1191 2187 cetera
1206 2132 1211 2203 Ι
1231 2137 1371 2202 peticione

228 2203 231 2269 Ι
250 2209 267 2255 4
286 2207 482 2256 necessariest.
502 2220 537 2255 ea
555 2205 627 2268 enirn
644 2206 741 2269 6661661
748 2221 757 2254 .·
780 2206 951 2257 necessarie.
969 2205 1008 2255 'Pe
1027 2206 1099 2254 enim
1126 2201 1130 2271 Ι
1158 2205 1309 2256 assentatio
1328 2220 1370 2255 se·

226 2273 328 2325 616616
352 2272 356 2338 Ι
380 2274 601 2325 dumieieiorem
621 2271 625 2337 Ι
650 2273 969 2337 12166166611666616
988 2272 1059 2338 quod
1077 2273 1148 2324 uelis
1168 2274 1300 2338 consequi
1317 2288 1372 2324 non

225 2356 308 2407 posse

225 2544 365 2596 16166166
383 2544 545 2605 enuntiatum,
563 2549 592 2592 ut
607 2550 801 2593 consentaneum
818 2550 871 2607 est,
888 2544 1084 2609 paraprupitot
1102 2544 1217 2594 adiciens
1242 2540 1246 2605 Ι
1274 2545 1288 2592 1
1307 2558 1370 2592 nam

225 2616 234 2662 1
253 2617 286 2663 17
304 2614 372 2661 124:
391 2626 445 2660 non
462 2613 472 2659 1
488 2612 581 2675 reliqui
599 2607 604 2674 Ι
624 2611 780 2660 committas
799 2612 852 2661 tibi
869 2627 983 2662 necesse
1003 2617 1046 2661 est
1064 2615 1124 2662 661
1142 2614 1159 2662 3
1179 2614 1214 2661 36
1233 2613 1370 2661 381819

226 2682 344 2730 117122
363 2682 413 2728 127
439 2678 554 2728 666ιί166
573 2678 626 2728 tibi
643 2693 757 2728 necesse
776 2684 819 2729 est
837 2695 870 2729 ea
889 2683 897 2729 1
915 2683 949 2728 17
968 2682 1017 2729 121
1036 2683 1086 2730 126
1113 2680 1229 2728 comitas
1247 2678 1300 2727 tibi
1318 2693 1370 2727 nec

227 2746 387 2809 6615612
407 2742 869 2810 661Ι61111712466111661661
890 2747 895 2809 Ι
918 2749 996 2798 4661
1013 2756 1072 2811 post
1090 2746 1227 2812 petitione
1244 2747 1370 2800 66161156

228 2813 231 2879 Ι
252 2815 412 2865 necessaria
429 2814 482 2863 tibi
500 2813 571 2862 enirn
591 2828 651 2863 cum
670 2815 694 2863 L
720 2817 880 2864 necessaria
898 2818 1000 2865 etenim
1020 2831 1080 2865 curn
1099 2818 1108 2865 1
1124 2818 1158 2864 56
1183 2811 1189 2878 Ι
1215 2816 1305 2864 5tum
1323 2830 1369 2866 om.

225 2881 469 2946 Liuituperanda
488 2883 654 2942 66113816
673 2881 1078 2948 cuiusetfronshiisensus
1096 2885 1153 2932 138
1171 2879 1369 2944 117186166-

225 2949 437 3001 commodandus
454 2949 589 2998 Palatinus
608 2949 850 3000 61Μ6661616666.Ι
867 2967 913 3004 om.
932 2952 956 3001 L
971 2949 976 3016 Ι
1001 2955 1016 3002 9
1034 2950 1203 3014 uerbumque
1221 2951 1246 2999 L
1261 2955 1370 3012 praeter

228 3023 262 3068 36
280 3021 315 3068 38
333 3014 401 3081 1171
418 3019 450 3067 10
467 3031 606 3079 nunquam
623 3018 680 3066 136
694 3014 699 3080 Ι
715 3017 857 3068 discedere
880 3017 1045 3068 ΤΡ61611666
1057 3019 1250 3067 Mauricianus:
1270 3016 1369 3066 deesse

201 3140 204 3147 ,
227 3084 359 3135 Ldieere
377 3088 387 3134 1
405 3087 439 3134 38
457 3100 524 3134 corr.
553 3084 557 3147 Ι
585 3086 617 3133 12
634 3084 722 3148 possit
744 3100 773 3134 ro
798 3084 888 3134 dicere
912 3088 972 3135 147
999 3084 1004 3139 Ι
1030 3088 1062 3136 13
1086 3086 1152 3149 quid
1174 3087 1319 3134 1117127
1344 3085 1369 3133 si

226 3151 482 3217 666116666661
501 3153 634 3201 Palatinus
661 3150 665 3216 Ι
692 3152 728 3202 sit
751 3160 809 3215 post
827 3153 886 3202 eius
904 3155 964 3203 add.
984 3153 1020 3212 L,
1040 3156 1081 3204 sic
1099 3155 1108 3202 1
1126 3156 1143 3202 3
1163 3156 1206 3207 38,
1236 3151 1308 3217 quod
1325 3152 1369 3201 ius

225 3221 262 3270 sit
279 3221 397 3279 Petreius
415 3219 487 3284 quod
506 3220 565 3269 eius
584 3224 660 3269 esset
677 3223 705 3269 te
724 3220 859 3285 Kupeetus
878 3218 883 3286 Ι
902 3221 991 3287 possit
1007 3224 1017 3271 1
1035 3225 1070 3272 36
1086 3237 1156 3273 eurr.
1175 3235 1255 3285 posse
1276 3220 1369 3269 Gesne-

225 3304 269 3338 666
286 3287 409 3352 potuisse
426 3288 510 3351 Hoffu
525 3284 530 3351 Ι
545 3301 575 3336 se
594 3287 644 3337 ebs
662 3290 689 3337 te
707 3303 762 3338 non
781 3303 841 3339 esse
859 3293 986 3353 rogatum
1004 3293 1013 3339 1
1030 3292 1071 3352 56,
1089 3304 1142 3339 666
1161 3304 1208 3339 om.
1226 3289 1368 3345 Paternus,

224 3371 279 3406 non
296 3358 424 3420 rogatum
441 3358 548 3404 tontum
568 3359 641 3405 esset
657 3355 706 3406 sed
724 3354 806 3405 ualde
825 3356 960 3421 Kayseruu

276 3579 294 3624 3
323 3573 351 3626 in
375 3573 510 3641 petitione
537 3572 699 3629 necessaria.
734 3571 783 3628 tibi
810 3574 864 3628 mis
876 3573 1033 3630 editoribus
1045 3575 1094 3642 qui
1106 3574 1164 3629 eius
1171 3575 1289 3696 quidem
1298 3590 1365 3640 pro-

226 3642 298 3695 enim
316 3641 428 3696 codices
445 3641 604 3696 deteriores
628 3640 678 3707 qut
699 3642 784 3695 etium
811 3643 919 3696 nomini
928 3647 1120 3708 pepercerunt
1137 3658 1169 3697 ee
1206 3642 1265 3696 olio
1278 3642 1368 3697 uerbo

226 3717 284 3763 turn
296 3710 327 3762 in
339 3714 451 3774 optumo
464 3708 535 3764 libro
545 3707 712 3763 6611666166
720 3714 784 3775 post
810 3711 1368 3766 6166666666666666616166666166616

224 3774 290 3830 iacit
303 3778 532 3842 praeterierunt.
560 3776 784 3842 insequebantur
809 3779 909 3832 uerius
926 3779 1139 3844 impupnurunt.
1173 3793 1213 3832 ex
1236 3777 1295 3832 eius
1316 3793 1367 3843 666

224 3846 274 3910 qui
290 3851 340 3915 est„
350 3849 417 3899 6616
430 3843 584 3899 necessaria
596 3844 745 3899 adicerent
756 3850 784 3900 et
809 3845 967 3900 eruendum
983 3847 1085 3901 censui
1103 3845 1158 3900 1616
1180 3845 1298 3901 uerbum
1315 3845 1367 3905 uis.

224 3909 274 3966 tibi
286 3913 317 3965 in
329 3917 396 3966 tunc
405 3916 556 3969 mutarent.
573 3910 782 3978 deniqueLum-
808 3913 888 3979 petis,
901 3913 959 3979 agis
973 3910 1050 3981 1611
1054 3914 1109 3977 56).
1133 3920 1191 3967 tum
1203 3914 1369 3979 6661166661

224 3979 308 4034 dinus
329 3996 384 4045 pro
409 3977 459 4034 tihi
483 3978 555 4034 enirn
577 3978 665 4034 edidit
682 3979 782 4033 etenim
809 3979 908 4045 Quinti
923 3987 974 4036 661
989 3980 1062 4035 1666
1077 3982 1266 4037 conueniebat
1277 3981 1366 4048 adtir-

224 4047 299 4112 quod
314 4049 440 4114 scriptor
452 4063 556 4113 purum
573 4045 674 4112 166666
687 4048 717 4100 in
728 4047 782 4101 166
799 4050 893 4102 666116
903 4056 931 4103 16
939 4048 1016 4126 quod
1025 4046 1095 4103 uelis
1107 4048 1241 4118 consequi
1249 4064 1333 4116 posse
1342 4049 1366 4102 si

222 4129 328 4179 uenere
344 4116 485 4170 sermonis
504 4130 561 4169 non
573 4113 709 4168 66111611.
732 4114 780 4181 fu·
808 4115 856 4170 abs
882 4124 908 4170 te
932 4123 969 4170 srt
993 4123 1120 4182 rogatum
1141 4122 1191 4171 661
1209 4121 1366 4183 praestans

224 4195 273 4236 ere
297 4180 450 4248 aliquando
474 4183 545 4237 1666
562 4183 671 4248 scriptu
694 4184 782 4236 conti·
808 4185 977 4238 auctoritate
994 4183 1066 4239 1666
1082 4185 1112 4237 in
1125 4184 1254 4250 6666666
1265 4199 1364 4250 perse-

224 4254 326 4302 nenter
338 4249 632 4305 neeessariasteaenim.
808 4251 919 4306 uerutio
936 4258 964 4305 te
980 4250 1056 4319 quod
1074 4251 1144 4306 uelis
1163 4251 1295 4319 consequi
1310 4267 1365 4306 non

269 4321 303 4365 13
322 4331 374 4371 nec
389 4318 476 4383 plena
494 4320 550 4372 1616
563 4332 627 4374 esse
648 4332 700 4371 nee
718 4319 781 4373 sine
806 4335 891 4386 posse
906 4318 931 4373 si
948 4316 996 4372 abs
1014 4326 1043 4373 te
1061 4334 1115 4373 non
1141 4319 1176 4373 sit
1195 4326 1322 4386 rogatum
1337 4325 1365 4372 et

223 4383 333 4438 mendis
356 4390 485 4450 apparet.
519 4386 555 4440 de
571 4385 673 4452 quibus
689 4400 781 4440 meum
806 4387 917 4461 quidem
930 4385 1011 4441 ualde
1023 4402 1054 4441 ee
1066 4385 1214 4453 diligenter
1228 4395 1364 4453 rogatum.

221 4450 358 4506 iudicium
370 4453 442 4509 sutis
451 4452 598 4520 discrepat
606 4469 670 4508 cum
677 4452 780 4520 pluru-
