3304 5206
264 428 285 500 i

266 612 423 686 burqensis
445 613 697 673 inlustraoeront:
719 622 873 672 accessere
886 607 1129 672 commentariolo
1151 605 1249 673 ‘aliae
1262 607 1411 687 quaedam

269 711 371 784 Quinti
401 714 581 791 scriptorum
615 715 781 788 reliquiae’
813 716 843 773 in
877 712 1037 772 Scbmarzi
1068 717 1239 790 exemplari
1264 716 1343 774 edito
1374 715 1413 774 ab

265 814 441 881 Hammelio.

826 949 846 1022 I

348 1122 500 1197 Scriptum
526 1139 590 1181 esse
616 1122 654 1180 de
679 1124 819 1196 petitione
845 1121 974 1181 libellum
1003 1123 1034 1180 in
1061 1104 1209 1196 epistulae
1229 1125 1349 1184 modum
1370 1125 1414 1184 ad
1506 1103 1510 1112 ’

263 1223 307 1285 M.
327 1224 462 1297 fratrem
484 1224 680 1284 candidatum
701 1226 871 1283 consulatus
892 1222 1082 1295 manifestum
1104 1231 1155 1283 est.
1188 1227 1273 1285 nrrlla
1288 1229 1347 1286 nisi
1359 1242 1410 1287 ac-

262 1328 451 1387 commodata
469 1327 517 1395 fad
537 1327 684 1400 epistulae
704 1310 834 1401 speciem
856 1327 1013 1400 inscriptio
1031 1328 1062 1386 in
1085 1329 1289 1401 antiquissimo
1309 1329 1413 1388 codice

261 1430 431 1502 reperitur:
468 1429 530 1487 alio
552 1431 604 1502 qui
615 1435 777 1503 praetereo
798 1429 881 1487 tiolo
903 1430 947 1487 uti
967 1430 1071 1499 uolent,
1093 1431 1123 1488 ei
1142 1431 1284 1490 monendi
1296 1439 1364 1491 sunt
1380 1440 1412 1489 ut

165 1574 168 1584 ,
262 1545 320 1586 non
344 1528 380 1587 de
402 1531 545 1607 petitione
569 1527 740 1589 consulatus
762 1528 927 1588 inscribant
948 1526 1198 1602 quemadmodum
1225 1532 1339 1590 adsolet
1359 1532 1413 1590 sed

263 1629 541 1690 commentariolum
565 1631 725 1709 petitionis,
749 1633 776 1690 si
796 1630 914 1704 quidem
929 1633 1071 1689 extremis
1085 1631 1182 1692 verbis
1198 1631 1323 1703 Quintus
1337 1635 1411 1693 aelle

261 1749 293 1792 se
313 1733 394 1791 ltunc
409 1733 538 1792 libellum
561 1734 708 1793 destinari
728 1731 855 1791 ostendit
876 1734 966 1791 etiam
989 1735 1119 1792 aliorum
1134 1736 1203 1794 ursui
1220 1736 1273 1809 qui
1285 1735 1411 1793 bonores

258 1817 365 1908 petant
387 1836 474 1893 alios.
519 1836 556 1893 de
578 1842 712 1908 tempore
733 1835 829 1893 libelli
842 1833 922 1892 'milti
942 1850 999 1892 non
1016 1837 1152 1894 conuenit
1171 1852 1238 1895 cum
1255 1838 1411 1911 plerisque

261 1938 314 2008 qui
334 1937 478 2010 scriptum
500 1952 566 1996 curn
596 1952 659 1997 esse
674 1921 852 2011 ¹opinantur
879 1937 975 1995 altero
1002 1946 1073 1996 crate
1095 1937 1198 1997 Marci
1221 1939 1409 1997 consulatum

261 2053 357 2107 nuno,
392 2037 474 2103 ‘caat
497 2048 611 2114 tempus
633 2040 837 2111 instaretque
859 2039 905 2098 M.
925 2046 1029 2112 petere
1045 2041 1171 2115 possct'.
1213 2037 1291 2110 fecit
1312 2046 1409 2098 autem

157 2218 160 2229 Ι
264 2139 389 2197 Marcus
407 2140 580 2221 prensandi
600 2142 715 2199 initium
730 2142 761 2198 in
776 2156 890 2214 campo,
914 2147 946 2199 ut
965 2143 1027 2214 ipse
1042 2141 1137 2199 Attico
1151 2136 1290 2199 narrauit
1306 2140 1327 2197 I
1341 2148 1364 2211 t,
1383 2147 1407 2206 t,
1466 2160 1474 2176 x

261 2256 360 2299 meuse
386 2243 507 2314 quintili
531 2244 606 2300 anni
632 2240 808 2301 CCLXXX
812 2242 919 2303 VIIII.
963 2258 1063 2300 oerum
1088 2259 1145 2300 non
1172 2258 1239 2301 mun
1267 2245 1411 2317 inciperet

258 2341 362 2413 frater
381 2349 483 2417 petere
504 2345 558 2401 sed
572 2359 674 2418 paene
695 2346 725 2402 in
748 2344 848 2402 media
870 2345 933 2402 eius
952 2346 1091 2418 petitione
1113 2344 1235 2414 Ouintus
1256 2360 1312 2402 sua
1334 2344 1410 2402 bacc

256 2450 423 2518 praecepto
450 2448 620 2520 composuit.
651 2461 767 2521 parum
795 2448 873 2504 valet
899 2445 980 2519 quod
1005 2447 1035 2504 in
1064 2443 1088 2526 5
1116 2453 1156 2503 42
1183 2446 1220 2503 de
1247 2462 1408 2523 punicorum

261 2563 396 2605 mensum
408 2547 541 2623 *negotio
563 2549 701 2621 loquitur,
720 2551 791 2622 plus
812 2550 890 2606 ualet
911 2547 992 2620 quod
1011 2564 1051 2605 eor
1072 2563 1127 2605 sea
1148 2549 1208 2605 illis
1228 2562 1300 2623 quos
1324 2547 1409 2606 illar-

261 2664 314 2706 cus
336 2648 484 2709 babuerat
503 2649 739 2724 competitoribus
753 2656 893 2723 quattuor
914 2649 1032 2706 omnino
1058 2650 1269 2725 neqlepumar,
1293 2648 1352 2706 duo
1373 2665 1410 2706 ue
1451 2658 1454 2662 ’

262 2752 406 2808 nominati
427 2749 547 2823 quidem
571 2768 591 2809 a
615 2749 728 2823 Quinto,
751 2751 785 2808 P.
810 2751 905 2808 Galba
927 2758 956 2809 et
969 2749 1003 2810 L.
1021 2750 1140 2809 Cassius
1161 2753 1250 2823 quasi
1266 2752 1412 2824 populari

258 2850 350 2923 scama
379 2854 439 2911 iam
465 2848 665 2932 protliqati§
688 2859 714 2911 7.
752 2869 811 2911 non
840 2852 1020 2912 uidebantur
1046 2867 1122 2910 cunr
1137 2851 1261 2922 (licinius
1288 2853 1410 2926 scripsit

262 2955 413 3012 aemulari
433 2954 541 3013 Marco
562 2955 621 3019 nisi
638 2954 768 3013 Catilina
788 2963 818 3013 et
838 2956 992 3027 Antonius,
1014 2969 1140 3027 quorum
1161 2956 1289 3012 alterum
1310 2962 1408 3012 cetrum

262 3064 395 3114 creatum
419 3057 460 3113 iri
479 3071 547 3114 cum
568 3056 677 3133 Marco
704 3059 852 3115 consulem
874 3052 1010 3136 putat§
1033 3061 1082 3128 12,
1106 3057 1264 3114 Antonium
1283 3053 1411 3126 facilius

262 3171 354 3231 quom
378 3156 536 3217 Catilinam
558 3173 577 3214 a
597 3155 702 3229 fratre
723 3160 804 3217 uinci
820 3174 908 3232 posse
928 3159 1078 3232 siqnificat
1097 3153 1122 3237 ἕ
1144 3163 1191 3216 28.
1221 3158 1341 3231 scripsit
1354 3158 1409 3230 iqi-

261 3264 311 3316 tur
335 3257 459 3328 Quintus
481 3260 595 3332 aliquot
615 3259 761 3318 mensibus
777 3265 847 3334 post
866 3240 1019 3332 quintilem
1037 3262 1113 3317 anni
1133 3258 1308 3317 boum
1315 3257 1413 3317 VIIII

262 3376 319 3433 quo
341 3376 377 3418 ne
398 3360 454 3418 boc
476 3360 603 3433 quidem,
626 3363 830 3435 competitores
844 3361 948 3420 blanci
967 3364 1088 3434 quinam
1109 3362 1218 3435 forent,
1241 3370 1322 3421 certo
1335 3377 1409 3421 con-

261 3461 377 3537 stabat,
400 3467 469 3520 ante
491 3463 604 3520 iunium
627 3466 701 3522 anni
722 3462 928 3523 aotam
953 3479 1011 3538 quo
1037 3479 1130 3523 nouus
1153 3462 1298 3523 Catilinae
1317 3462 1410 3535 furor
1491 3487 1493 3490 >

258 3566 365 3638 plures
388 3565 514 3622 Antonio
539 3561 761 3637 suffraqatores
785 3582 904 3640 parare
931 3573 1080 3639 coeperat.
1126 3560 1243 3624 accedit
1267 3582 1307 3624 eu
1327 3561 1351 3644 ἕ
1375 3572 1410 3621 to

262 3665 343 3738 quod
364 3664 493 3724 Catilina
514 3682 554 3723 cac
576 3667 688 3725 iudicio
708 3667 944 3742 repetundorum
967 3675 1026 3725 tum
1049 3667 1228 3726 discesserat
1248 3667 1406 3737 absolutus,

262 3768 344 3840 quod
364 3766 507 3825 iudicium
529 3783 709 3842 quamquam
731 3772 845 3827 instare
867 3768 969 3828 Cicero
991 3769 1035 3827 ad
1054 3770 1183 3828 Atticum
1205 3769 1225 3828 l
1246 3776 1271 3838 t,
1297 3777 1311 3826 t
1331 3783 1409 3842 pro-

262 3868 339 3927 didit
360 3884 457 3938 mense
484 3871 603 3941 quintili
628 3872 703 3929 unni
729 3869 903 3930 ootffl
910 3871 1019 3942 VIIII,
1042 3878 1201 3945 peractum
1229 3876 1408 3928 tamennon

261 3976 329 4028 erat
348 3987 382 4029 eo
410 3977 539 4044 tempore
566 3987 624 4046 quo
647 3959 690 4031 ud
709 3972 838 4047 Atticum
860 3975 976 4032 litteras
996 3975 1073 4032 misit
1095 3972 1115 4031 l
1137 3979 1163 4032 2.
1203 3972 1261 4029 bae
1288 3970 1409 4044 quando

237 4107 240 4110 -
261 4074 370 4131 missae
396 4074 468 4146 sint,
491 4087 550 4131 non
576 4090 616 4131 eac
633 4075 743 4149 primis
764 4075 860 4133 uerbis
881 4073 1015 4147 efficitur
1035 4089 1234 4147 novorumque
1255 4074 1407 4132 consulum

199 4197 204 4202 >
262 4175 485 4247 desipnatorum
507 4176 681 4250 nominibus,
705 4178 843 4249 quoniam
867 4179 983 4236 comitia
998 4178 1171 4236 consularia
1186 4177 1250 4235 circs
1264 4177 1409 4248 omniqua

262 4279 311 4337 die
320 4279 379 4335 sint
388 4276 489 4335 lrabita
501 4281 683 4352 iquoramus,
697 4279 752 4337 scd
758 4296 799 4337 err
804 4283 962 4353 postremis
973 4281 1019 4339 itis
1032 4286 1083 4339 tuo
1095 4277 1225 4339 adventu¹
1235 4274 1321 4337 nobis
1333 4295 1409 4356 opus

264 4389 308 4440 est
324 4387 439 4439 maturo
455 4386 484 4438 et
499 4398 592 4458 quare
610 4381 745 4442 ianuario
761 4399 864 4441 menso
879 4389 912 4441 ut
925 4381 1103 4441 constituisti
1116 4397 1185 4439 curu
1199 4387 1231 4440 ut
1245 4378 1357 4440 Romae
1369 4380 1409 4437 sis

262 4499 360 4544 mense
382 4482 532 4544 novembri
554 4487 762 4558 potiusquam
785 4484 943 4560 septembri
961 4485 1091 4561 scriptos
1111 4499 1174 4542 esse
1200 4486 1407 4543 coniectumus.
