3304 5206
507 474 836 523 coununmmouvn
858 464 1056 523 anamotus
1314 450 1355 524 47

212 648 271 709 quo
294 631 422 692 amicitia
446 649 511 692 esse
533 652 593 694 non
617 640 724 713 potest.
770 651 866 712 neque
888 631 919 691 it
941 639 1041 691 tamen
1070 634 1141 693 satis
1164 640 1217 703 cst,
1241 633 1356 693 tametsi
1374 633 1407 682 32

212 759 352 819 magnum
381 749 440 809 est,
469 748 515 802 set
541 745 674 821 sequitur
701 762 770 822 spes
791 742 926 804 utilitatis
948 750 1035 822 atque
1057 742 1217 811 amicitiae,
1242 761 1279 802 ne
1301 761 1355 802 no·

211 849 377 912 tucnclatot·
404 851 500 913 solum
528 860 573 913 set
600 853 711 913 amicus
735 855 821 913 etiam
844 851 941 912 bonus
965 870 1029 912 esse
1053 851 1179 912 videare.
1224 853 1355 912 itanum

212 968 242 1020 ct
262 960 318 1021 hos
340 962 432 1040 ipsos,
463 971 586 1041 propter
614 982 696 1023 suam
725 962 917 1057 ambitionem
946 962 996 1040 qui
1026 960 1104 1040 apud
1132 960 1258 1021 tribules
1286 980 1356 1024 suos

160 1142 162 1145 Ι
212 1070 372 1149 plurimum
395 1073 487 1149 gratia
509 1081 644 1152 possunt,
668 1073 816 1133 stntliosos
837 1075 869 1131 in
892 1072 1034 1132 centuriis
1056 1069 1196 1142 habebis,
1224 1079 1254 1133 et
1276 1081 1355 1133 ecte·

211 1199 261 1240 ros
283 1183 333 1260 qni
355 1181 432 1261 apud
456 1180 582 1259 aliquam
604 1190 720 1263 partem
743 1181 886 1243 tribulum
914 1190 1038 1261 propter
1065 1182 1220 1260 municipii
1240 1188 1292 1242 aut
1313 1182 1354 1243 vl·

211 1292 339 1351 ciuitatis
361 1299 411 1352 aot
433 1291 550 1370 collegii
573 1297 718 1354 rationem
742 1292 853 1360 valent,
883 1291 1006 1371 cupidos
1030 1294 1074 1353 tui.
1092 1293 1295 1361 constitueris,
1323 1296 1353 1352 in

210 1401 320 1480 optima
344 1393 396 1480 sp'e
419 1421 484 1463 esse
507 1400 638 1463 debebis.
688 1405 747 1463 iam
776 1405 909 1482 equitum
940 1404 1092 1463 centuriae
1119 1401 1212 1464 multo
1240 1402 1355 1463 facilius
1372 1415 1405 1464 33

210 1510 283 1570 milii
306 1510 458 1589 diligentia
480 1490 568 1591 posse
591 1514 688 1573 teneri
710 1514 855 1574 videntur.
900 1512 1030 1591 primum
1060 1531 1207 1591 cognosce
1229 1515 1352 1592 equitas,

278 1700 291 1746 t
311 1697 440 1747 amicicia
461 1697 465 1762 Ι
485 1701 500 1747 2
520 1698 664 1748 amiciciae
683 1714 717 1751 ne
737 1694 939 1763 comendatos!
966 1700 982 1747 5
999 1698 1123 1763 possint:
1142 1700 1298 1750 emendatam
1315 1707 1353 1749 est

208 1773 268 1830 post
286 1765 432 1846 Lanibinam
457 1769 463 1831 Ι
488 1769 504 1815 6
522 1768 678 1816 uicinitatis
700 1766 848 1816 Turrtebas:
866 1767 992 1816 ciuitatis
1012 1765 1017 1830 Ι
1036 1769 1052 1817 9
1072 1782 1208 1831 cognosce
1228 1766 1353 1818 Orellias:

209 1848 340 1898 cognosci

278 2001 377 2068 lquo]
398 2005 520 2069 quiscat
539 2003 615 2067 queis
633 2004 657 2051 L
674 2011 781 2066 praeter
799 2007 832 2053 50
850 2003 950 2067 quibus
972 2005 997 2054 V
1021 2004 1026 2067 Ι
1053 2004 1136 2055 neec
1153 2008 1184 2053 ut
1201 2019 1352 2069 consequa·

208 2076 254 2121 tus
271 2073 294 2121 L
313 2073 337 2120 si
354 2087 410 2120 non
428 2074 641 2135 consequatur-i
655 2074 688 2120 50
708 2074 712 2134 Ι
738 2071 947 2121 nomenculator
968 2073 994 2121 V
1009 2075 1018 2121 i
1036 2077 1071 2123 36
1089 2075 1124 2122 38
1141 2089 1219 2137 ntarp.
1239 2073 1285 2125 al'.
1304 2089 1353 2123 no·

210 2138 341 2189 micula't
358 2142 408 2188 117
433 2137 438 2203 Ι
464 2138 605 2203 opossint
622 2138 647 2185 L
673 2141 677 2204 Ι
704 2140 745 2188 tui
762 2148 822 2188 aute
840 2138 979 2189 studiosos
996 2141 1057 2190 add.
1076 2142 1085 2189 t
1101 2143 1134 2189 50
1157 2139 1161 2205 Ι
1188 2140 1352 2191 btribnlnm

208 2210 283 2257 etiam
301 2209 310 2256 l
328 2209 345 2255 3
365 2210 400 2257 36
417 2211 452 2257 38
470 2211 520 2256 127
535 2205 539 2272 Ι
555 2210 570 2257 9
589 2207 776 2272 cognoscendi
793 2212 858 2257 sunt
876 2207 982 2271 equites
999 2207 1024 2255 L

209 2399 244 2454 ab
272 2399 420 2454 honestate
450 2400 655 2466 turpitudinem
683 2415 766 2466 quam
792 2401 848 2454 etsi
863 2402 893 2453 in
915 2401 1029 2455 caussis
1047 2402 1217 2456 excelientis
1239 2404 1351 2468 cratiae
1412 2425 1415 2432 ·

208 2469 314 2523 eisdem
331 2473 480 2534 utramque
497 2469 652 2522 immisceri
663 2467 765 2521 maliet.
789 2469 885 2532 prima
895 2466 1049 2536 babetur§
1063 2474 1102 2531 18,
1116 2478 1209 2524 tamen
1223 2486 1279 2524 non
1292 2488 1351 2525 una

254 2540 270 2586 4
288 2541 353 2591 ante
370 2543 487 2604 propter
504 2536 695 2590 distinctionis
717 2551 765 2588 no·
792 2551 827 2589 uc
839 2534 901 2590 sola
913 2551 1020 2591 caussa
1032 2537 1098 2603 fait.
1123 2539 1252 2592 adducor
1263 2540 1351 2604 iaitur

209 2610 265 2658 tam
280 2604 460 2671 Tydemanus
471 2605 566 2670 posuit
579 2604 767 2658 commentari
792 2608 823 2658 ut
850 2604 991 2658 uocabula
1020 2605 1091 2660 rnaie
1115 2605 1252 2660 collocata
1276 2622 1348 2673 quae

204 2690 234 2739 p.
248 2675 281 2722 49
289 2677 433 2738 praeunte
443 2671 578 2726 Lambiuo
587 2673 636 2738 qui
647 2674 677 2725 in
689 2672 766 2726 bunc
791 2672 978 2726 concinnitati
993 2675 1131 2728 arationis
1148 2676 1242 2728 minus
1255 2676 1348 2729 inser·

207 2740 299 2794 iocum
311 2754 351 2794 ea
362 2740 503 2807 inferiore
519 2754 676 2806 pronomen
689 2739 763 2794 reia·
792 2741 966 2806 uiantquam
975 2740 1275 2808 officiant,ituciuiatu
1284 2757 1348 2797 esse

208 2809 297 2861 tiuum
310 2808 493 2863 traduceret.
515 2823 617 2862 uerum
629 2809 769 2862 audacior
794 2810 927 2873 suspicer
944 2808 978 2863 ab
994 2808 1106 2863 bomine
1124 2809 1273 2864 recordate
1290 2811 1349 2864 clis-

207 2877 265 2930 ista
283 2877 412 2931 traiectio
437 2874 590 2931 uerborum
614 2891 671 2930 non
696 2877 768 2930 satis
791 2878 966 2941 putationem
978 2874 1242 2944 superioremffls.

208 2960 339 3010 incanum
369 2961 402 2999 ro
412 2945 564 2999 retardata
573 2945 767 2999 enuntiatione
838 2945 903 2997 ein
919 2945 1088 2999 centuriatis
1109 2947 1230 2999 comitiis
1253 2945 1349 3011 qualia

206 3011 320 3077 pondus
362 3011 504 3067 aientium
532 3012 597 3066 iicet
620 3011 766 3066 rhetorum
793 3017 851 3064 tum
863 3017 949 3065 erant
961 3019 1082 3078 apparet
1098 3019 1148 3067 aut
1165 3015 1277 3067 omnino
1293 3029 1349 3067 non

208 3093 315 3144 pueros
340 3081 508 3144 condeceat,
533 3087 627 3134 tamen
654 3081 685 3132 in
712 3079 766 3134 boc
790 3079 885 3145 sitisse
903 3086 952 3133 aut
968 3086 1045 3134 certe
1070 3096 1126 3134 non
1145 3081 1271 3136 ualuisse
1293 3082 1351 3135 nisi

209 3146 307 3212 Quinti
317 3146 410 3202 libello
423 3163 480 3202 iton
492 3148 592 3203 inuerai
609 3163 662 3213 que
675 3162 763 3203 eccu—
792 3147 947 3213 discriptas
957 3149 988 3201 in
998 3146 1120 3202 XXXV
1128 3149 1220 3203 tribus
1232 3156 1259 3203 et
1271 3151 1348 3215 caui·

207 3221 326 3271 caretur
359 3215 496 3281 exenaplo.
537 3217 638 3282 quippe
671 3215 765 3280 inepte
791 3220 849 3269 tum
867 3218 1026 3276 centurias,
1046 3215 1121 3270 alius
1138 3218 1213 3271 enim
1225 3214 1348 3282 Quintus

207 3279 297 3347 Hoffa
320 3278 341 3349 ἕ
366 3287 403 3332 33
432 3282 706 3338 adulescentulorum
731 3282 765 3337 acl
790 3282 893 3348 dianas
911 3299 967 3338 aon
983 3283 1081 3339 babuit
1097 3300 1169 3350 quas
1185 3299 1349 3339 commemo·

207 3348 353 3407 amicitiam
370 3358 443 3404 actas
462 3348 619 3417 adiungitur
640 3349 763 3405 aduoca-
791 3357 879 3404 raret.
907 3352 981 3405 idem
997 3353 1104 3417 equites
1121 3352 1184 3407 iilos
1202 3359 1230 3406 et
1239 3368 1349 3419 paucos

207 3419 255 3480 uit,
268 3419 361 3483 inepte
370 3415 431 3486 §30
444 3417 534 3473 locum
545 3418 637 3473 ltaliae
646 3433 764 3485 nequem
789 3417 885 3484 fuisse
897 3424 1019 3474 testatur
1035 3426 1062 3474 et
1074 3419 1304 3475 adulescentulos
1322 3426 1350 3476 et

207 3501 268 3539 esse
280 3486 385 3553 patiare
397 3492 424 3540 et
436 3488 519 3552 siqua
540 3486 599 3540 alia
611 3492 679 3541 sunt
689 3488 764 3541 eius·
791 3490 933 3552 equestris
949 3489 1060 3541 ordinis
1076 3487 1204 3542 addictos
1222 3490 1347 3543 auctori—

207 3554 282 3608 modi
297 3554 498 3609 aduocaueris.
533 3556 590 3608 ium
610 3555 764 3610 senteutia-
790 3556 850 3607 tati.
866 3555 900 3609 de
911 3570 1028 3609 numera
1039 3554 1347 3620 izibiipraetereuceu-

206 3637 271 3674 rum
292 3623 320 3675 si
335 3623 515 3689 pensitamus
540 3624 767 3687 coufluentium,
790 3628 862 3676 stat:
888 3620 955 3676 Cato
980 3625 1130 3685 censorius
1159 3631 1294 3679 suaserat
1317 3630 1348 3678 ut

199 3698 271 3742 'cum
282 3695 379 3744 cetera
393 3692 467 3744 inter
481 3704 511 3744 se
524 3690 701 3756 respondere
713 3707 764 3756 pa·
788 3688 876 3755 plura
889 3691 994 3756 fierent
1010 3706 1081 3745 acra
1105 3693 1250 3755 equestria
1273 3707 1346 3757 quae

206 3762 243 3810 tet
259 3763 317 3812 tum
334 3758 421 3824 gratia
445 3765 472 3812 et
496 3773 547 3825 pro
571 3764 612 3811 ter
633 3757 764 3824 municipi
791 3757 868 3811 iliius
915 3764 1007 3812 aetate
1053 3756 1182 3812 MDCCC
1224 3759 1348 3826 suerunt

207 3832 254 3879 ant
271 3824 485 3880 uicinitatis-aut
502 3774 763 3891 colligimtionem:
793 3823 973 3888 (Mommseni
994 3825 1060 3880 bist.
1084 3843 1153 3879 rant.
1179 3825 1199 3880 Ι
1215 3845 1244 3893 p.
1270 3829 1346 3891 765),·

206 3884 293 3951 alteri
313 3893 392 3959 apud
414 3908 510 3947 amices
527 3893 646 3947 tribules
668 3891 765 3947 ualent
790 3893 1347 3961 circitertertiambellumpunicampue

205 3961 278 4025 quoti
293 3960 440 4016 excellunt
455 3962 564 4027 prestio,
582 3961 668 4014 alteri
687 3961 766 4026 apud
790 3966 914 4026 tempore
926 3963 957 4015 iu
969 3964 1095 4028 equitatu
1107 3969 1226 4017 senatus
1238 3979 1346 4031 quoque

206 4025 325 4084 tribules
338 4029 445 4096 aliquot
457 4028 532 4094 quoti
548 4029 705 4094 municipes
717 4043 764 4082 eo·
790 4033 876 4082 erant
887 4027 1044 4096 suffraaia,
1063 4031 1193 4084 seniores
1210 4046 1298 4096 aeque
1312 4047 1347 4086 ac

205 4111 270 4149 rum
294 4101 344 4151 aut
368 4098 457 4152 uicini
479 4102 530 4151 aut
553 4094 666 4150 sablaies
687 4100 762 4150 sunt
790 4098 919 4151 iuniores
931 4099 962 4149 in
974 4099 1113 4152 centuriis
1121 4098 1216 4165 fuisse
1226 4105 1344 4165 oportet,

205 4161 259 4218 bec
282 4170 376 4219 autem
393 4164 574 4230 quamobrem
591 4162 676 4218 alteri
694 4181 761 4229 ara·
789 4165 820 4218 id
831 4164 906 4230 quod
919 4164 1115 4220 Gracchorum
1132 4171 1225 4221 aetate
1238 4173 1269 4220 ut
1281 4167 1346 4221 sub·

206 4232 273 4284 tiam
285 4232 341 4287 sibi
351 4233 567 4299 acquisiuerint,
581 4232 610 4285 in
622 4231 677 4286 itae
689 4246 762 4285 cem·
788 4230 877 4286 iatum
899 4231 1045 4297 plebiscito
1070 4234 1222 4288 credamus
1244 4232 1346 4290 'Cicero

201 4299 395 4363 prehensione
411 4315 535 4366 prorsus
552 4316 609 4354 non
630 4314 762 4354 necessa·
786 4298 861 4365 sacit
877 4299 912 4354 cle
930 4314 963 4354 re
977 4317 1006 4366 p.
1023 4298 1107 4369 JV&
1119 4306 1151 4361 2‚·
1174 4303 1268 4367 itaque
1282 4318 1346 4357 cum

205 4367 281 4420 rium
296 4368 354 4435 suit
371 4368 490 4435 referri.
519 4370 587 4434 quin
601 4370 762 4433 etiampro·
789 4366 912 4431 Quintus
932 4367 1004 4422 baec
1027 4370 1155 4436 scripsit,
1180 4385 1236 4423 non
1259 4369 1345 4425 bube-

205 4441 268 4500 pter
281 4452 357 4490 suam
369 4434 544 4489 ambitionem
558 4451 593 4491 ne
603 4438 675 4492 satis
685 4440 762 4490 recte
788 4433 855 4488 bant
867 4450 947 4490 ecum
957 4436 1101 4502 publicum
1111 4438 1169 4492 uisi
1177 4438 1345 4494 adulescen-

204 4508 315 4573 quictem
333 4507 550 4572 adminiclum,
568 4525 634 4562 uam
650 4508 762 4562 ambitio
788 4506 849 4572 tali,
863 4506 989 4575 Accausto
1003 4513 1096 4563 tanten
1106 4509 1263 4575 imperante
1277 4526 1344 4565 rur-
